code,trade_quote,time,time_actual,trade_price,open,high,low,ask_price_trade,bid_price_trade,ask_amount_trade,bid_amount_trade,change,volume,acc_volume,acc_buy_volume,acc_sell_volume,trade_buy_sell,trade_incoming_option,ask_price_1,ask_price_2,ask_price_3,ask_price_4,ask_price_5,ask_amount_1,ask_amount_2,ask_amount_3,ask_amount_4,ask_amount_5,ask_amount_total,ask_count_1,ask_count_2,ask_count_3,ask_count_4,ask_count_5,ask_count_total,bid_price_1,bid_price_2,bid_price_3,bid_price_4,bid_price_5,bid_amount_1,bid_amount_2,bid_amount_3,bid_amount_4,bid_amount_5,bid_amount_total,bid_count_1,bid_count_2,bid_count_3,bid_count_4,bid_count_5,bid_count_total
167R9,quote,150650,15:06:52.113584,,,,,,,,,,,,,,,,128.09,128.1,128.11,128.12,128.13,84,149,79,80,116,5509,8,15,19,14,15,735,128.08,128.07,128.06,128.05,128.04,18,45,43,178,140,5026,12,15,13,20,16,626
167R9,quote,150650,15:06:52.122524,,,,,,,,,,,,,,,,128.09,128.1,128.11,128.12,128.13,84,149,79,80,116,5509,8,15,19,14,15,735,128.08,128.07,128.06,128.05,128.04,20,45,43,178,140,5028,13,15,13,20,16,627
167R9,quote,150650,15:06:52.124554,,,,,,,,,,,,,,,,128.09,128.1,128.11,128.12,128.13,81,149,79,80,116,5506,7,15,19,14,15,734,128.08,128.07,128.06,128.05,128.04,20,45,43,178,140,5028,13,15,13,20,16,627
167R9,quote,150650,15:06:52.175377,,,,,,,,,,,,,,,,128.09,128.1,128.11,128.12,128.13,81,149,79,80,116,5506,7,15,19,14,15,734,128.08,128.07,128.06,128.05,128.04,31,45,43,178,140,5039,14,15,13,20,16,628
167R9,quote,150650,15:06:52.176376,,,,,,,,,,,,,,,,128.09,128.1,128.11,128.12,128.13,81,149,79,80,116,5506,7,15,19,14,15,734,128.08,128.07,128.06,128.05,128.04,36,45,43,178,140,5044,15,15,13,20,16,629
167R9,trade,150650,15:06:52.238211,128.09,128.44,128.45,127.99,128.1,128.08,149,36,-0.35,45666,45666,22184,23482,1,2,,,,,,,,,,,,,,,,,,,,,,,,,,,,,,,,,,
167R9,quote,150650,15:06:52.241203,,,,,,,,,,,,,,,,128.1,128.11,128.12,128.13,128.14,149,79,80,116,124,5425,15,19,14,15,15,727,128.08,128.07,128.06,128.05,128.04,36,45,43,178,140,5044,15,15,13,20,16,629
167R9,quote,150650,15:06:52.243238,,,,,,,,,,,,,,,,128.1,128.11,128.12,128.13,128.14,149,79,80,116,124,5425,15,19,14,15,15,727,128.08,128.07,128.06,128.05,128.04,36,45,43,178,140,5044,15,15,13,20,16,629
167R9,quote,150650,15:06:52.246227,,,,,,,,,,,,,,,,128.1,128.11,128.12,128.13,128.14,149,79,80,116,124,5425,15,19,14,15,15,727,128.08,128.07,128.06,128.05,128.04,36,45,43,178,140,5044,15,15,13,20,16,629
167R9,quote,150650,15:06:52.249219,,,,,,,,,,,,,,,,128.1,128.11,128.12,128.13,128.14,149,79,80,116,124,5425,15,19,14,15,15,727,128.08,128.07,128.06,128.05,128.04,36,45,43,178,140,5044,15,15,13,20,16,629
167R9,quote,150650,15:06:52.252177,,,,,,,,,,,,,,,,128.1,128.11,128.12,128.13,128.14,149,79,80,116,124,5425,15,19,14,15,15,727,128.08,128.07,128.06,128.05,128.04,36,45,43,178,140,5044,15,15,13,20,16,629
167R9,quote,150650,15:06:52.254216,,,,,,,,,,,,,,,,128.1,128.11,128.12,128.13,128.14,148,79,80,116,124,5424,14,19,14,15,15,726,128.08,128.07,128.06,128.05,128.04,36,45,43,178,140,5044,15,15,13,20,16,629
167R9,quote,150650,15:06:52.256196,,,,,,,,,,,,,,,,128.1,128.11,128.12,128.13,128.14,148,79,80,116,124,5424,14,19,14,15,15,726,128.08,128.07,128.06,128.05,128.04,36,45,43,178,140,5044,15,15,13,20,16,629
167R9,quote,150650,15:06:52.258189,,,,,,,,,,,,,,,,128.1,128.11,128.12,128.13,128.14,148,79,80,116,124,5424,14,19,14,15,15,726,128.09,128.08,128.07,128.06,128.05,1,36,45,43,178,5045,1,15,15,13,20,630
167R9,quote,150650,15:06:52.259186,,,,,,,,,,,,,,,,128.1,128.11,128.12,128.13,128.14,148,79,80,116,124,5424,14,19,14,15,15,726,128.09,128.08,128.07,128.06,128.05,1,36,45,43,178,5045,1,15,15,13,20,630
167R9,quote,150650,15:06:52.261177,,,,,,,,,,,,,,,,128.1,128.11,128.12,128.13,128.14,148,79,80,116,124,5424,14,19,14,15,15,726,128.09,128.08,128.07,128.06,128.05,5,36,45,43,178,5049,2,15,15,13,20,631
167R9,quote,150650,15:06:52.262175,,,,,,,,,,,,,,,,128.1,128.11,128.12,128.13,128.14,148,79,80,116,124,5424,14,19,14,15,15,726,128.09,128.08,128.07,128.06,128.05,6,36,45,43,178,5050,3,15,15,13,20,632
167R9,quote,150650,15:06:52.264171,,,,,,,,,,,,,,,,128.1,128.11,128.12,128.13,128.14,148,79,80,116,124,5424,14,19,14,15,15,726,128.09,128.08,128.07,128.06,128.05,6,36,45,43,178,5047,3,15,15,13,20,631
167R9,quote,150650,15:06:52.265170,,,,,,,,,,,,,,,,128.1,128.11,128.12,128.13,128.14,148,79,80,116,124,5424,14,19,14,15,15,726,128.09,128.08,128.07,128.06,128.05,9,36,45,43,178,5050,4,15,15,13,20,632
167R9,quote,150650,15:06:52.266166,,,,,,,,,,,,,,,,128.1,128.11,128.12,128.13,128.14,148,79,80,116,124,5424,14,19,14,15,15,726,128.09,128.08,128.07,128.06,128.05,11,36,45,43,178,5052,5,15,15,13,20,633
167R9,quote,150650,15:06:52.267163,,,,,,,,,,,,,,,,128.1,128.11,128.12,128.13,128.14,148,79,80,116,124,5424,14,19,14,15,15,726,128.09,128.08,128.07,128.06,128.05,12,36,45,43,178,5053,6,15,15,13,20,634
167R9,quote,150650,15:06:52.268157,,,,,,,,,,,,,,,,128.1,128.11,128.12,128.13,128.14,148,79,80,116,124,5424,14,19,14,15,15,726,128.09,128.08,128.07,128.06,128.05,15,36,45,43,178,5056,7,15,15,13,20,635
167R9,quote,150650,15:06:52.268157,,,,,,,,,,,,,,,,128.1,128.11,128.12,128.13,128.14,148,79,80,116,124,5424,14,19,14,15,15,726,128.09,128.08,128.07,128.06,128.05,14,36,45,43,178,5055,6,15,15,13,20,634
167R9,quote,150650,15:06:52.269126,,,,,,,,,,,,,,,,128.1,128.11,128.12,128.13,128.14,148,79,80,116,124,5424,14,19,14,15,15,726,128.09,128.08,128.07,128.06,128.05,17,36,45,43,178,5058,7,15,15,13,20,635
167R9,quote,150650,15:06:52.269126,,,,,,,,,,,,,,,,128.1,128.11,128.12,128.13,128.14,148,79,80,116,124,5424,14,19,14,15,15,726,128.09,128.08,128.07,128.06,128.05,18,36,45,43,178,5059,8,15,15,13,20,636
167R9,quote,150650,15:06:52.270123,,,,,,,,,,,,,,,,128.1,128.11,128.12,128.13,128.14,148,79,80,116,124,5424,14,19,14,15,15,726,128.09,128.08,128.07,128.06,128.05,18,36,45,43,178,5051,8,15,15,13,20,635
167R9,quote,150650,15:06:52.302039,,,,,,,,,,,,,,,,128.1,128.11,128.12,128.13,128.14,148,79,80,116,124,5424,14,19,14,15,15,726,128.09,128.08,128.07,128.06,128.05,18,36,45,43,178,5043,8,15,15,13,20,634
167R9,quote,150650,15:06:52.303035,,,,,,,,,,,,,,,,128.1,128.11,128.12,128.13,128.14,148,79,80,116,124,5424,14,19,14,15,15,726,128.09,128.08,128.07,128.06,128.05,18,36,45,43,186,5051,8,15,15,13,21,635
167R9,quote,150650,15:06:52.303035,,,,,,,,,,,,,,,,128.1,128.11,128.12,128.13,128.14,148,79,80,116,124,5424,14,19,14,15,15,726,128.09,128.08,128.07,128.06,128.05,18,36,45,43,178,5043,8,15,15,13,20,634
167R9,quote,150650,15:06:52.304032,,,,,,,,,,,,,,,,128.1,128.11,128.12,128.13,128.14,148,79,80,116,124,5424,14,19,14,15,15,726,128.09,128.08,128.07,128.06,128.05,17,36,45,43,178,5042,7,15,15,13,20,633
167R9,quote,150651,15:06:52.304032,,,,,,,,,,,,,,,,128.1,128.11,128.12,128.13,128.14,148,79,80,116,124,5424,14,19,14,15,15,726,128.09,128.08,128.07,128.06,128.05,20,36,45,43,178,5045,8,15,15,13,20,634
167R9,quote,150651,15:06:52.305030,,,,,,,,,,,,,,,,128.1,128.11,128.12,128.13,128.14,148,79,80,116,124,5424,14,19,14,15,15,726,128.09,128.08,128.07,128.06,128.05,21,36,45,43,178,5046,9,15,15,13,20,635
167R9,quote,150651,15:06:52.613206,,,,,,,,,,,,,,,,128.1,128.11,128.12,128.13,128.14,148,79,80,116,124,5424,14,19,14,15,15,726,128.09,128.08,128.07,128.06,128.05,20,36,45,43,178,5045,8,15,15,13,20,634
167R9,quote,150651,15:06:52.677036,,,,,,,,,,,,,,,,128.1,128.11,128.12,128.13,128.14,148,78,80,116,124,5423,14,18,14,15,15,725,128.09,128.08,128.07,128.06,128.05,20,36,45,43,178,5045,8,15,15,13,20,634
167R9,quote,150651,15:06:53.050313,,,,,,,,,,,,,,,,128.1,128.11,128.12,128.13,128.14,148,70,80,116,124,5415,14,17,14,15,15,724,128.09,128.08,128.07,128.06,128.05,20,36,45,43,178,5045,8,15,15,13,20,634
167R9,quote,150652,15:06:53.302365,,,,,,,,,,,,,,,,128.1,128.11,128.12,128.13,128.14,148,70,80,116,124,5415,14,17,14,15,15,724,128.09,128.08,128.07,128.06,128.05,20,36,45,43,178,5045,8,15,15,13,20,634
167R9,quote,150652,15:06:53.427031,,,,,,,,,,,,,,,,128.1,128.11,128.12,128.13,128.14,148,70,80,116,124,5415,14,17,14,15,15,724,128.09,128.08,128.07,128.06,128.05,17,36,45,43,178,5042,7,15,15,13,20,633
167R9,quote,150652,15:06:53.549703,,,,,,,,,,,,,,,,128.1,128.11,128.12,128.13,128.14,148,70,80,116,124,5415,14,17,14,15,15,724,128.09,128.08,128.07,128.06,128.05,18,36,44,43,178,5042,8,15,14,13,20,633
167R9,quote,150652,15:06:53.987537,,,,,,,,,,,,,,,,128.1,128.11,128.12,128.13,128.14,148,70,80,116,124,5415,14,17,14,15,15,724,128.09,128.08,128.07,128.06,128.05,18,36,44,43,178,5042,8,15,14,13,20,633
167R9,quote,150653,15:06:54.802357,,,,,,,,,,,,,,,,128.1,128.11,128.12,128.13,128.14,148,70,80,116,124,5415,14,17,14,15,15,724,128.09,128.08,128.07,128.06,128.05,19,36,44,43,178,5043,9,15,14,13,20,634
167R9,quote,150653,15:06:54.861203,,,,,,,,,,,,,,,,128.1,128.11,128.12,128.13,128.14,148,70,80,116,124,5415,14,17,14,15,15,724,128.09,128.08,128.07,128.06,128.05,19,36,44,43,178,5043,9,15,14,13,20,634
167R9,quote,150653,15:06:54.864192,,,,,,,,,,,,,,,,128.1,128.11,128.12,128.13,128.14,148,70,80,116,124,5415,14,17,14,15,15,724,128.09,128.08,128.07,128.06,128.05,19,36,44,43,178,5043,9,15,14,13,20,634
167R9,quote,150653,15:06:55.113527,,,,,,,,,,,,,,,,128.1,128.11,128.12,128.13,128.14,148,70,80,116,124,5415,14,17,14,15,15,724,128.09,128.08,128.07,128.06,128.05,16,36,44,43,178,5040,8,15,14,13,20,633
167R9,quote,150653,15:06:55.116517,,,,,,,,,,,,,,,,128.1,128.11,128.12,128.13,128.14,148,70,80,116,124,5415,14,17,14,15,15,724,128.09,128.08,128.07,128.06,128.05,15,36,44,43,178,5039,7,15,14,13,20,632
167R9,quote,150653,15:06:55.119510,,,,,,,,,,,,,,,,128.1,128.11,128.12,128.13,128.14,148,70,80,116,124,5415,14,17,14,15,15,724,128.09,128.08,128.07,128.06,128.05,11,36,44,43,178,5035,6,15,14,13,20,631
167R9,quote,150653,15:06:55.122501,,,,,,,,,,,,,,,,128.1,128.11,128.12,128.13,128.14,148,70,80,116,124,5415,14,17,14,15,15,724,128.09,128.08,128.07,128.06,128.05,10,36,44,43,178,5034,5,15,14,13,20,630
167R9,quote,150653,15:06:55.125493,,,,,,,,,,,,,,,,128.1,128.11,128.12,128.13,128.14,148,70,80,116,124,5415,14,17,14,15,15,724,128.09,128.08,128.07,128.06,128.05,7,36,44,43,178,5031,4,15,14,13,20,629
167R9,quote,150653,15:06:55.127487,,,,,,,,,,,,,,,,128.1,128.11,128.12,128.13,128.14,148,70,80,116,124,5415,14,17,14,15,15,724,128.09,128.08,128.07,128.06,128.05,6,36,44,43,178,5030,3,15,14,13,20,628
167R9,quote,150653,15:06:55.129481,,,,,,,,,,,,,,,,128.1,128.11,128.12,128.13,128.14,148,70,80,116,124,5415,14,17,14,15,15,724,128.09,128.08,128.07,128.06,128.05,4,36,44,43,178,5028,2,15,14,13,20,627
167R9,quote,150653,15:06:55.131476,,,,,,,,,,,,,,,,128.1,128.11,128.12,128.13,128.14,148,70,80,116,124,5415,14,17,14,15,15,724,128.09,128.08,128.07,128.06,128.05,4,36,44,43,170,5020,2,15,14,13,19,626
167R9,quote,150653,15:06:55.133471,,,,,,,,,,,,,,,,128.1,128.11,128.12,128.13,128.14,148,70,88,116,124,5423,14,17,15,15,15,725,128.09,128.08,128.07,128.06,128.05,4,36,44,43,170,5020,2,15,14,13,19,626
167R9,quote,150654,15:06:55.360947,,,,,,,,,,,,,,,,128.1,128.11,128.12,128.13,128.14,148,70,88,116,124,5423,14,17,15,15,15,725,128.09,128.08,128.07,128.06,128.05,5,35,44,43,170,5020,3,14,14,13,19,626
167R9,quote,150654,15:06:55.800728,,,,,,,,,,,,,,,,128.1,128.11,128.12,128.13,128.14,148,70,88,116,124,5423,14,17,15,15,15,725,128.09,128.08,128.07,128.06,128.05,5,35,44,43,170,5020,3,14,14,13,19,626
167R9,quote,150655,15:06:56.360483,,,,,,,,,,,,,,,,128.1,128.11,128.12,128.13,128.14,148,70,88,116,124,5423,14,17,15,15,15,725,128.09,128.08,128.07,128.06,128.05,6,35,44,43,170,5021,4,14,14,13,19,627
167R9,quote,150655,15:06:56.361218,,,,,,,,,,,,,,,,128.1,128.11,128.12,128.13,128.14,148,70,88,116,124,5423,14,17,15,15,15,725,128.09,128.08,128.07,128.06,128.05,7,35,44,43,170,5022,5,14,14,13,19,628
167R9,quote,150655,15:06:56.362218,,,,,,,,,,,,,,,,128.1,128.11,128.12,128.13,128.14,148,70,88,116,124,5423,14,17,15,15,15,725,128.09,128.08,128.07,128.06,128.05,6,35,44,43,170,5021,4,14,14,13,19,627
167R9,quote,150655,15:06:56.362218,,,,,,,,,,,,,,,,128.1,128.11,128.12,128.13,128.14,148,70,88,116,124,5423,14,17,15,15,15,725,128.09,128.08,128.07,128.06,128.05,5,35,44,43,170,5020,3,14,14,13,19,626
167R9,quote,150655,15:06:56.363183,,,,,,,,,,,,,,,,128.1,128.11,128.12,128.13,128.14,148,70,88,116,124,5423,14,17,15,15,15,725,128.09,128.08,128.07,128.06,128.05,6,35,44,43,170,5021,4,14,14,13,19,627
167R9,quote,150655,15:06:56.364205,,,,,,,,,,,,,,,,128.1,128.11,128.12,128.13,128.14,148,70,88,116,124,5423,14,17,15,15,15,725,128.09,128.08,128.07,128.06,128.05,7,35,44,43,170,5022,5,14,14,13,19,628
167R9,quote,150655,15:06:56.364205,,,,,,,,,,,,,,,,128.1,128.11,128.12,128.13,128.14,148,70,88,116,124,5423,14,17,15,15,15,725,128.09,128.08,128.07,128.06,128.05,8,35,44,43,170,5023,6,14,14,13,19,629
167R9,quote,150655,15:06:56.365178,,,,,,,,,,,,,,,,128.1,128.11,128.12,128.13,128.14,148,70,88,116,124,5423,14,17,15,15,15,725,128.09,128.08,128.07,128.06,128.05,9,35,44,43,170,5024,7,14,14,13,19,630
167R9,quote,150655,15:06:56.366201,,,,,,,,,,,,,,,,128.1,128.11,128.12,128.13,128.14,148,70,88,116,124,5423,14,17,15,15,15,725,128.09,128.08,128.07,128.06,128.05,10,35,44,43,170,5025,8,14,14,13,19,631
167R9,quote,150655,15:06:56.366201,,,,,,,,,,,,,,,,128.1,128.11,128.12,128.13,128.14,148,70,88,116,124,5423,14,17,15,15,15,725,128.09,128.08,128.07,128.06,128.05,9,35,44,43,170,5024,7,14,14,13,19,630
167R9,quote,150655,15:06:56.367173,,,,,,,,,,,,,,,,128.1,128.11,128.12,128.13,128.14,148,70,88,116,124,5423,14,17,15,15,15,725,128.09,128.08,128.07,128.06,128.05,8,35,44,43,170,5023,6,14,14,13,19,629
167R9,quote,150655,15:06:56.426014,,,,,,,,,,,,,,,,128.1,128.11,128.12,128.13,128.14,148,70,88,116,124,5423,14,17,15,15,15,725,128.09,128.08,128.07,128.06,128.05,7,35,44,43,170,5022,5,14,14,13,19,628
167R9,quote,150655,15:06:56.427013,,,,,,,,,,,,,,,,128.1,128.11,128.12,128.13,128.14,148,70,88,116,124,5423,14,17,15,15,15,725,128.09,128.08,128.07,128.06,128.05,6,35,44,43,170,5021,4,14,14,13,19,627
167R9,quote,150655,15:06:56.427013,,,,,,,,,,,,,,,,128.1,128.11,128.12,128.13,128.14,148,70,88,116,124,5423,14,17,15,15,15,725,128.09,128.08,128.07,128.06,128.05,5,35,44,43,170,5020,3,14,14,13,19,626
167R9,quote,150655,15:06:56.428038,,,,,,,,,,,,,,,,128.1,128.11,128.12,128.13,128.14,148,70,88,116,124,5423,14,17,15,15,15,725,128.09,128.08,128.07,128.06,128.05,5,35,44,43,178,5028,3,14,14,13,20,627
167R9,quote,150655,15:06:56.428038,,,,,,,,,,,,,,,,128.1,128.11,128.12,128.13,128.14,148,70,88,116,124,5423,14,17,15,15,15,725,128.09,128.08,128.07,128.06,128.05,5,35,44,43,170,5020,3,14,14,13,19,626
167R9,quote,150655,15:06:57.175127,,,,,,,,,,,,,,,,128.1,128.11,128.12,128.13,128.14,148,70,88,116,124,5423,14,17,15,15,15,725,128.09,128.08,128.07,128.06,128.05,5,35,49,43,170,5025,3,14,15,13,19,627
167R9,quote,150655,15:06:57.236847,,,,,,,,,,,,,,,,128.1,128.11,128.12,128.13,128.14,148,70,88,116,124,5423,14,17,15,15,15,725,128.09,128.08,128.07,128.06,128.05,5,35,49,43,170,5025,3,14,15,13,19,627
167R9,quote,150656,15:06:57.551008,,,,,,,,,,,,,,,,128.1,128.11,128.12,128.13,128.14,148,70,88,116,124,5423,14,17,15,15,15,725,128.09,128.08,128.07,128.06,128.05,6,35,49,43,170,5026,4,14,15,13,19,628
167R9,quote,150656,15:06:57.611882,,,,,,,,,,,,,,,,128.1,128.11,128.12,128.13,128.14,148,70,88,116,124,5423,14,17,15,15,15,725,128.09,128.08,128.07,128.06,128.05,7,35,49,43,170,5027,5,14,15,13,19,629
167R9,quote,150656,15:06:57.614839,,,,,,,,,,,,,,,,128.1,128.11,128.12,128.13,128.14,148,70,88,116,124,5423,14,17,15,15,15,725,128.09,128.08,128.07,128.06,128.05,9,35,49,43,170,5029,6,14,15,13,19,630
167R9,quote,150656,15:06:57.617857,,,,,,,,,,,,,,,,128.1,128.11,128.12,128.13,128.14,148,70,88,116,124,5423,14,17,15,15,15,725,128.09,128.08,128.07,128.06,128.05,9,35,49,43,178,5037,6,14,15,13,20,631
167R9,quote,150656,15:06:58.048921,,,,,,,,,,,,,,,,128.1,128.11,128.12,128.13,128.14,148,70,88,116,124,5423,14,17,15,15,15,725,128.09,128.08,128.07,128.06,128.05,9,40,49,43,178,5042,6,15,15,13,20,632
167R9,quote,150656,15:06:58.113508,,,,,,,,,,,,,,,,128.1,128.11,128.12,128.13,128.14,148,70,88,116,124,5423,14,17,15,15,15,725,128.09,128.08,128.07,128.06,128.05,9,40,49,43,177,5041,6,15,15,13,19,631
167R9,quote,150657,15:06:59.111918,,,,,,,,,,,,,,,,128.1,128.11,128.12,128.13,128.14,148,70,88,116,124,5423,14,17,15,15,15,725,128.09,128.08,128.07,128.06,128.05,10,40,49,43,177,5042,7,15,15,13,19,632
167R9,quote,150657,15:06:59.113859,,,,,,,,,,,,,,,,128.1,128.11,128.12,128.13,128.14,148,70,88,116,124,5423,14,17,15,15,15,725,128.09,128.08,128.07,128.06,128.05,11,40,49,43,177,5043,8,15,15,13,19,633
167R9,quote,150657,15:06:59.114856,,,,,,,,,,,,,,,,128.1,128.11,128.12,128.13,128.14,148,70,88,116,124,5423,14,17,15,15,15,725,128.09,128.08,128.07,128.06,128.05,12,40,49,43,177,5044,9,15,15,13,19,634
167R9,quote,150657,15:06:59.115854,,,,,,,,,,,,,,,,128.1,128.11,128.12,128.13,128.14,148,70,88,116,124,5423,14,17,15,15,15,725,128.09,128.08,128.07,128.06,128.05,15,40,49,43,177,5047,10,15,15,13,19,635
167R9,quote,150657,15:06:59.116851,,,,,,,,,,,,,,,,128.1,128.11,128.12,128.13,128.14,148,70,88,116,124,5423,14,17,15,15,15,725,128.09,128.08,128.07,128.06,128.05,16,40,49,43,177,5048,11,15,15,13,19,636
167R9,quote,150658,15:06:59.425280,,,,,,,,,,,,,,,,128.1,128.11,128.12,128.13,128.14,148,70,88,116,124,5423,14,17,15,15,15,725,128.09,128.08,128.07,128.06,128.05,17,40,49,43,177,5049,12,15,15,13,19,637
167R9,quote,150658,15:06:59.485946,,,,,,,,,,,,,,,,128.1,128.11,128.12,128.13,128.14,148,70,88,116,124,5423,14,17,15,15,15,725,128.09,128.08,128.07,128.06,128.05,17,40,49,43,176,5048,12,15,15,13,18,636
167R9,quote,150658,15:06:59.737164,,,,,,,,,,,,,,,,128.1,128.11,128.12,128.13,128.14,148,70,88,116,124,5423,14,17,15,15,15,725,128.09,128.08,128.07,128.06,128.05,17,40,49,43,176,5048,12,15,15,13,18,636
167R9,quote,150659,15:07:00.315630,,,,,,,,,,,,,,,,128.1,128.11,128.12,128.13,128.14,148,70,88,116,124,5423,14,17,15,15,15,725,128.09,128.08,128.07,128.06,128.05,16,40,49,43,176,5047,11,15,15,13,18,635
167R9,quote,150659,15:07:00.315630,,,,,,,,,,,,,,,,128.1,128.11,128.12,128.13,128.14,148,70,88,116,124,5423,14,17,15,15,15,725,128.09,128.08,128.07,128.06,128.05,13,40,49,43,176,5044,10,15,15,13,18,634
167R9,quote,150659,15:07:00.316616,,,,,,,,,,,,,,,,128.1,128.11,128.12,128.13,128.14,148,70,88,116,124,5423,14,17,15,15,15,725,128.09,128.08,128.07,128.06,128.05,12,40,49,43,176,5043,9,15,15,13,18,633
167R9,quote,150659,15:07:00.317614,,,,,,,,,,,,,,,,128.1,128.11,128.12,128.13,128.14,148,70,88,116,124,5423,14,17,15,15,15,725,128.09,128.08,128.07,128.06,128.05,11,40,49,43,176,5042,8,15,15,13,18,632
167R9,quote,150659,15:07:00.317614,,,,,,,,,,,,,,,,128.1,128.11,128.12,128.13,128.14,148,70,88,116,124,5423,14,17,15,15,15,725,128.09,128.08,128.07,128.06,128.05,10,40,49,43,176,5041,7,15,15,13,18,631
167R9,quote,150659,15:07:00.318611,,,,,,,,,,,,,,,,128.1,128.11,128.12,128.13,128.14,148,70,88,116,124,5423,14,17,15,15,15,725,128.09,128.08,128.07,128.06,128.05,9,40,49,43,176,5040,6,15,15,13,18,630
167R9,quote,150659,15:07:00.318611,,,,,,,,,,,,,,,,128.1,128.11,128.12,128.13,128.14,148,70,88,116,124,5423,14,17,15,15,15,725,128.09,128.08,128.07,128.06,128.05,8,40,49,43,176,5039,5,15,15,13,18,629
167R9,quote,150659,15:07:00.319608,,,,,,,,,,,,,,,,128.1,128.11,128.12,128.13,128.14,148,70,88,116,124,5423,14,17,15,15,15,725,128.09,128.08,128.07,128.06,128.05,6,40,49,43,176,5037,4,15,15,13,18,628
167R9,quote,150659,15:07:00.319608,,,,,,,,,,,,,,,,128.1,128.11,128.12,128.13,128.14,148,70,88,116,124,5423,14,17,15,15,15,725,128.09,128.08,128.07,128.06,128.05,5,40,49,43,176,5036,3,15,15,13,18,627
167R9,quote,150659,15:07:00.320606,,,,,,,,,,,,,,,,128.1,128.11,128.12,128.13,128.14,148,69,88,116,124,5422,14,16,15,15,15,724,128.09,128.08,128.07,128.06,128.05,5,40,49,43,176,5036,3,15,15,13,18,627
167R9,quote,150659,15:07:00.321603,,,,,,,,,,,,,,,,128.1,128.11,128.12,128.13,128.14,148,69,88,116,124,5422,14,16,15,15,15,724,128.09,128.08,128.07,128.06,128.05,6,40,49,43,176,5037,4,15,15,13,18,628
167R9,quote,150659,15:07:00.377525,,,,,,,,,,,,,,,,128.1,128.11,128.12,128.13,128.14,148,69,88,116,124,5422,14,16,15,15,15,724,128.09,128.08,128.07,128.06,128.05,7,40,49,43,176,5038,5,15,15,13,18,629
167R9,quote,150659,15:07:00.379473,,,,,,,,,,,,,,,,128.1,128.11,128.12,128.13,128.14,148,69,88,116,124,5422,14,16,15,15,15,724,128.09,128.08,128.07,128.06,128.05,8,40,49,43,176,5039,6,15,15,13,18,630
167R9,quote,150659,15:07:00.381446,,,,,,,,,,,,,,,,128.1,128.11,128.12,128.13,128.14,148,69,88,116,124,5422,14,16,15,15,15,724,128.09,128.08,128.07,128.06,128.05,9,40,49,43,176,5040,7,15,15,13,18,631
167R9,quote,150659,15:07:00.383440,,,,,,,,,,,,,,,,128.1,128.11,128.12,128.13,128.14,148,69,88,116,124,5422,14,16,15,15,15,724,128.09,128.08,128.07,128.06,128.05,9,40,49,43,168,5032,7,15,15,13,17,630
167R9,quote,150659,15:07:00.385433,,,,,,,,,,,,,,,,128.1,128.11,128.12,128.13,128.14,148,69,88,116,124,5422,14,16,15,15,15,724,128.09,128.08,128.07,128.06,128.05,9,40,49,43,176,5040,7,15,15,13,18,631
167R9,quote,150659,15:07:00.386459,,,,,,,,,,,,,,,,128.1,128.11,128.12,128.13,128.14,148,69,88,116,124,5422,14,16,15,15,15,724,128.09,128.08,128.07,128.06,128.05,9,40,49,38,176,5035,7,15,15,12,18,630
167R9,quote,150659,15:07:00.501235,,,,,,,,,,,,,,,,128.1,128.11,128.12,128.13,128.14,148,69,88,116,124,5422,14,16,15,15,15,724,128.09,128.08,128.07,128.06,128.05,8,40,49,38,176,5034,6,15,15,12,18,629
167R9,quote,150659,15:07:00.502146,,,,,,,,,,,,,,,,128.1,128.11,128.12,128.13,128.14,148,69,88,116,124,5422,14,16,15,15,15,724,128.09,128.08,128.07,128.06,128.05,7,40,49,38,176,5033,5,15,15,12,18,628
167R9,quote,150659,15:07:00.503145,,,,,,,,,,,,,,,,128.1,128.11,128.12,128.13,128.14,148,69,88,116,124,5422,14,16,15,15,15,724,128.09,128.08,128.07,128.06,128.05,6,40,49,38,176,5032,4,15,15,12,18,627
167R9,quote,150659,15:07:00.503145,,,,,,,,,,,,,,,,128.1,128.11,128.12,128.13,128.14,148,69,88,116,124,5422,14,16,15,15,15,724,128.09,128.08,128.07,128.06,128.05,5,40,49,38,176,5031,3,15,15,12,18,626
167R9,quote,150659,15:07:00.504116,,,,,,,,,,,,,,,,128.1,128.11,128.12,128.13,128.14,148,69,88,116,124,5422,14,16,15,15,15,724,128.09,128.08,128.07,128.06,128.05,5,40,49,38,168,5023,3,15,15,12,17,625
167R9,quote,150659,15:07:00.627790,,,,,,,,,,,,,,,,128.1,128.11,128.12,128.13,128.14,148,59,88,116,124,5412,14,15,15,15,15,723,128.09,128.08,128.07,128.06,128.05,5,40,49,38,168,5023,3,15,15,12,17,625
167R9,quote,150659,15:07:01.189284,,,,,,,,,,,,,,,,128.1,128.11,128.12,128.13,128.14,148,59,88,116,124,5412,14,15,15,15,15,723,128.09,128.08,128.07,128.06,128.05,6,40,49,38,168,5024,4,15,15,12,17,626
167R9,quote,150659,15:07:01.253113,,,,,,,,,,,,,,,,128.1,128.11,128.12,128.13,128.14,148,59,88,116,124,5412,14,15,15,15,15,723,128.09,128.08,128.07,128.06,128.05,7,40,49,38,168,5025,5,15,15,12,17,627
167R9,quote,150659,15:07:01.253113,,,,,,,,,,,,,,,,128.1,128.11,128.12,128.13,128.14,148,59,88,116,124,5412,14,15,15,15,15,723,128.09,128.08,128.07,128.06,128.05,8,40,49,38,168,5026,6,15,15,12,17,628
167R9,quote,150659,15:07:01.254111,,,,,,,,,,,,,,,,128.1,128.11,128.12,128.13,128.14,148,59,88,116,124,5412,14,15,15,15,15,723,128.09,128.08,128.07,128.06,128.05,9,40,49,38,168,5027,7,15,15,12,17,629
167R9,quote,150700,15:07:01.377781,,,,,,,,,,,,,,,,128.1,128.11,128.12,128.13,128.14,138,59,88,116,124,5402,13,15,15,15,15,722,128.09,128.08,128.07,128.06,128.05,9,40,49,38,168,5027,7,15,15,12,17,629
167R9,quote,150700,15:07:01.381771,,,,,,,,,,,,,,,,128.1,128.11,128.12,128.13,128.14,138,59,88,116,124,5402,13,15,15,15,15,722,128.09,128.08,128.07,128.06,128.05,11,40,49,38,168,5029,8,15,15,12,17,630
167R9,quote,150700,15:07:01.384765,,,,,,,,,,,,,,,,128.1,128.11,128.12,128.13,128.14,138,59,88,116,124,5402,13,15,15,15,15,722,128.09,128.08,128.07,128.06,128.05,12,40,49,38,168,5030,9,15,15,12,17,631
167R9,quote,150700,15:07:01.387756,,,,,,,,,,,,,,,,128.1,128.11,128.12,128.13,128.14,138,59,88,116,124,5402,13,15,15,15,15,722,128.09,128.08,128.07,128.06,128.05,13,40,49,38,168,5031,10,15,15,12,17,632
167R9,quote,150700,15:07:01.389751,,,,,,,,,,,,,,,,128.1,128.11,128.12,128.13,128.14,138,59,88,116,124,5402,13,15,15,15,15,722,128.09,128.08,128.07,128.06,128.05,14,40,49,38,168,5032,11,15,15,12,17,633
167R9,trade,150700,15:07:01.502485,128.09,128.44,128.45,127.99,128.1,128.09,138,13,-0.35,45667,45667,22184,23483,2,2,,,,,,,,,,,,,,,,,,,,,,,,,,,,,,,,,,
167R9,quote,150700,15:07:01.564552,,,,,,,,,,,,,,,,128.1,128.11,128.12,128.13,128.14,138,59,88,116,124,5402,13,15,15,15,15,722,128.09,128.08,128.07,128.06,128.05,13,40,49,38,168,5031,11,15,15,12,17,633
167R9,quote,150700,15:07:01.565305,,,,,,,,,,,,,,,,128.1,128.11,128.12,128.13,128.14,138,59,88,116,124,5402,13,15,15,15,15,722,128.09,128.08,128.07,128.06,128.05,12,40,49,38,168,5030,10,15,15,12,17,632
167R9,quote,150700,15:07:01.754048,,,,,,,,,,,,,,,,128.1,128.11,128.12,128.13,128.14,138,59,89,116,124,5403,13,15,16,15,15,723,128.09,128.08,128.07,128.06,128.05,12,40,49,38,168,5030,10,15,15,12,17,632
167R9,quote,150701,15:07:02.876775,,,,,,,,,,,,,,,,128.1,128.11,128.12,128.13,128.14,138,59,89,116,124,5403,13,15,16,15,15,723,128.09,128.08,128.07,128.06,128.05,11,40,49,38,168,5029,9,15,15,12,17,631
167R9,quote,150701,15:07:02.879769,,,,,,,,,,,,,,,,128.1,128.11,128.12,128.13,128.14,138,59,89,116,124,5403,13,15,16,15,15,723,128.09,128.08,128.07,128.06,128.05,10,40,49,38,168,5028,8,15,15,12,17,630
167R9,quote,150701,15:07:02.882791,,,,,,,,,,,,,,,,128.1,128.11,128.12,128.13,128.14,138,59,89,116,124,5403,13,15,16,15,15,723,128.09,128.08,128.07,128.06,128.05,9,40,49,38,168,5027,7,15,15,12,17,629
167R9,quote,150701,15:07:02.884753,,,,,,,,,,,,,,,,128.1,128.11,128.12,128.13,128.14,138,59,89,116,124,5403,13,15,16,15,15,723,128.09,128.08,128.07,128.06,128.05,7,40,49,38,168,5025,6,15,15,12,17,628
167R9,quote,150701,15:07:02.884753,,,,,,,,,,,,,,,,128.1,128.11,128.12,128.13,128.14,138,59,89,116,124,5403,13,15,16,15,15,723,128.09,128.08,128.07,128.06,128.05,6,40,49,38,168,5024,5,15,15,12,17,627
167R9,quote,150701,15:07:02.885749,,,,,,,,,,,,,,,,128.1,128.11,128.12,128.13,128.14,138,59,89,116,124,5403,13,15,16,15,15,723,128.09,128.08,128.07,128.06,128.05,5,40,49,38,168,5023,4,15,15,12,17,626
167R9,quote,150701,15:07:02.885749,,,,,,,,,,,,,,,,128.1,128.11,128.12,128.13,128.14,138,59,89,116,124,5403,13,15,16,15,15,723,128.09,128.08,128.07,128.06,128.05,4,40,49,38,168,5022,3,15,15,12,17,625
167R9,trade,150701,15:07:02.886747,128.09,128.44,128.45,127.99,128.1,128.08,138,40,-0.35,45671,45671,22184,23487,2,2,,,,,,,,,,,,,,,,,,,,,,,,,,,,,,,,,,
167R9,quote,150701,15:07:02.938608,,,,,,,,,,,,,,,,128.1,128.11,128.12,128.13,128.14,138,59,89,116,124,5403,13,15,16,15,15,723,128.08,128.07,128.06,128.05,128.04,40,49,38,168,124,5018,15,15,12,17,14,622
167R9,quote,150701,15:07:02.938608,,,,,,,,,,,,,,,,128.1,128.11,128.12,128.13,128.14,138,59,89,116,124,5403,13,15,16,15,15,723,128.08,128.07,128.06,128.05,128.04,40,49,38,168,124,5018,15,15,12,17,14,622
167R9,quote,150701,15:07:02.939606,,,,,,,,,,,,,,,,128.1,128.11,128.12,128.13,128.14,138,59,89,116,124,5403,13,15,16,15,15,723,128.08,128.07,128.06,128.05,128.04,40,49,38,168,124,5018,15,15,12,17,14,622
167R9,quote,150701,15:07:02.940603,,,,,,,,,,,,,,,,128.09,128.1,128.11,128.12,128.13,1,138,59,89,116,5404,1,13,15,16,15,724,128.08,128.07,128.06,128.05,128.04,40,49,38,168,124,5018,15,15,12,17,14,622
167R9,quote,150701,15:07:02.940603,,,,,,,,,,,,,,,,128.09,128.1,128.11,128.12,128.13,2,138,59,89,116,5405,2,13,15,16,15,725,128.08,128.07,128.06,128.05,128.04,40,49,38,168,124,5018,15,15,12,17,14,622
167R9,quote,150701,15:07:02.941601,,,,,,,,,,,,,,,,128.09,128.1,128.11,128.12,128.13,4,138,59,89,116,5407,3,13,15,16,15,726,128.08,128.07,128.06,128.05,128.04,40,49,38,168,124,5018,15,15,12,17,14,622
167R9,quote,150701,15:07:02.941601,,,,,,,,,,,,,,,,128.09,128.1,128.11,128.12,128.13,2,138,59,89,116,5405,2,13,15,16,15,725,128.08,128.07,128.06,128.05,128.04,40,49,38,168,124,5018,15,15,12,17,14,622
167R9,quote,150701,15:07:02.942598,,,,,,,,,,,,,,,,128.09,128.1,128.11,128.12,128.13,1,138,59,89,116,5404,1,13,15,16,15,724,128.08,128.07,128.06,128.05,128.04,40,49,38,168,124,5018,15,15,12,17,14,622
167R9,quote,150701,15:07:02.943595,,,,,,,,,,,,,,,,128.1,128.11,128.12,128.13,128.14,138,59,89,116,124,5403,13,15,16,15,15,723,128.08,128.07,128.06,128.05,128.04,40,49,38,168,124,5018,15,15,12,17,14,622
167R9,quote,150701,15:07:02.943595,,,,,,,,,,,,,,,,128.09,128.1,128.11,128.12,128.13,3,138,59,89,116,5406,1,13,15,16,15,724,128.08,128.07,128.06,128.05,128.04,40,49,38,168,124,5018,15,15,12,17,14,622
167R9,quote,150701,15:07:02.944593,,,,,,,,,,,,,,,,128.09,128.1,128.11,128.12,128.13,5,138,59,89,116,5408,2,13,15,16,15,725,128.08,128.07,128.06,128.05,128.04,40,49,38,168,124,5018,15,15,12,17,14,622
167R9,quote,150701,15:07:02.944593,,,,,,,,,,,,,,,,128.09,128.1,128.11,128.12,128.13,2,138,59,89,116,5405,1,13,15,16,15,724,128.08,128.07,128.06,128.05,128.04,40,49,38,168,124,5018,15,15,12,17,14,622
167R9,quote,150701,15:07:02.945589,,,,,,,,,,,,,,,,128.09,128.1,128.11,128.12,128.13,3,138,59,89,116,5406,2,13,15,16,15,725,128.08,128.07,128.06,128.05,128.04,40,49,38,168,124,5018,15,15,12,17,14,622
167R9,quote,150701,15:07:02.946587,,,,,,,,,,,,,,,,128.09,128.1,128.11,128.12,128.13,4,138,59,89,116,5407,3,13,15,16,15,726,128.08,128.07,128.06,128.05,128.04,40,49,38,168,124,5018,15,15,12,17,14,622
167R9,quote,150701,15:07:02.946587,,,,,,,,,,,,,,,,128.09,128.1,128.11,128.12,128.13,3,138,59,89,116,5406,2,13,15,16,15,725,128.08,128.07,128.06,128.05,128.04,40,49,38,168,124,5018,15,15,12,17,14,622
167R9,quote,150701,15:07:02.947584,,,,,,,,,,,,,,,,128.09,128.1,128.11,128.12,128.13,2,138,59,89,116,5405,1,13,15,16,15,724,128.08,128.07,128.06,128.05,128.04,40,49,38,168,124,5018,15,15,12,17,14,622
167R9,quote,150701,15:07:02.948581,,,,,,,,,,,,,,,,128.09,128.1,128.11,128.12,128.13,3,138,59,89,116,5406,2,13,15,16,15,725,128.08,128.07,128.06,128.05,128.04,40,49,38,168,124,5018,15,15,12,17,14,622
167R9,quote,150701,15:07:02.948581,,,,,,,,,,,,,,,,128.09,128.1,128.11,128.12,128.13,2,138,59,89,116,5405,1,13,15,16,15,724,128.08,128.07,128.06,128.05,128.04,40,49,38,168,124,5018,15,15,12,17,14,622
167R9,quote,150701,15:07:02.949579,,,,,,,,,,,,,,,,128.09,128.1,128.11,128.12,128.13,2,138,59,89,116,5405,1,13,15,16,15,724,128.08,128.07,128.06,128.05,128.04,40,49,38,176,124,5026,15,15,12,18,14,623
167R9,quote,150701,15:07:02.950576,,,,,,,,,,,,,,,,128.09,128.1,128.11,128.12,128.13,3,138,59,89,116,5406,2,13,15,16,15,725,128.08,128.07,128.06,128.05,128.04,40,49,38,176,124,5026,15,15,12,18,14,623
167R9,quote,150702,15:07:03.814270,,,,,,,,,,,,,,,,128.09,128.1,128.11,128.12,128.13,5,138,59,89,116,5408,3,13,15,16,15,726,128.08,128.07,128.06,128.05,128.04,40,49,38,176,124,5026,15,15,12,18,14,623
167R9,quote,150702,15:07:03.878098,,,,,,,,,,,,,,,,128.09,128.1,128.11,128.12,128.13,6,138,59,89,116,5409,4,13,15,16,15,727,128.08,128.07,128.06,128.05,128.04,40,49,38,176,124,5026,15,15,12,18,14,623
167R9,quote,150702,15:07:03.880093,,,,,,,,,,,,,,,,128.09,128.1,128.11,128.12,128.13,9,138,59,89,116,5412,5,13,15,16,15,728,128.08,128.07,128.06,128.05,128.04,40,49,38,176,124,5026,15,15,12,18,14,623
167R9,quote,150702,15:07:03.881093,,,,,,,,,,,,,,,,128.09,128.1,128.11,128.12,128.13,9,138,59,89,116,5412,5,13,15,16,15,728,128.08,128.07,128.06,128.05,128.04,37,49,38,176,124,5023,14,15,12,18,14,622
167R9,quote,150702,15:07:03.882087,,,,,,,,,,,,,,,,128.09,128.1,128.11,128.12,128.13,10,138,59,89,116,5413,6,13,15,16,15,729,128.08,128.07,128.06,128.05,128.04,37,49,38,176,124,5023,14,15,12,18,14,622
167R9,quote,150702,15:07:03.883084,,,,,,,,,,,,,,,,128.09,128.1,128.11,128.12,128.13,7,138,59,89,116,5410,5,13,15,16,15,728,128.08,128.07,128.06,128.05,128.04,37,49,38,176,124,5023,14,15,12,18,14,622
167R9,quote,150702,15:07:03.941928,,,,,,,,,,,,,,,,128.09,128.1,128.11,128.12,128.13,10,138,59,89,116,5413,6,13,15,16,15,729,128.08,128.07,128.06,128.05,128.04,37,49,38,176,124,5023,14,15,12,18,14,622
167R9,quote,150702,15:07:04.002764,,,,,,,,,,,,,,,,128.09,128.1,128.11,128.12,128.13,7,138,59,89,116,5410,5,13,15,16,15,728,128.08,128.07,128.06,128.05,128.04,37,49,38,176,124,5023,14,15,12,18,14,622
167R9,quote,150702,15:07:04.003761,,,,,,,,,,,,,,,,128.09,128.1,128.11,128.12,128.13,6,138,59,89,116,5409,4,13,15,16,15,727,128.08,128.07,128.06,128.05,128.04,37,49,38,176,124,5023,14,15,12,18,14,622
167R9,quote,150702,15:07:04.003761,,,,,,,,,,,,,,,,128.09,128.1,128.11,128.12,128.13,6,138,59,81,116,5401,4,13,15,15,15,726,128.08,128.07,128.06,128.05,128.04,37,49,38,176,124,5023,14,15,12,18,14,622
167R9,quote,150702,15:07:04.004759,,,,,,,,,,,,,,,,128.09,128.1,128.11,128.12,128.13,6,138,59,81,116,5401,4,13,15,15,15,726,128.08,128.07,128.06,128.05,128.04,37,49,38,176,140,5039,14,15,12,18,15,623
167R9,quote,150702,15:07:04.005756,,,,,,,,,,,,,,,,128.09,128.1,128.11,128.12,128.13,5,138,59,81,116,5400,3,13,15,15,15,725,128.08,128.07,128.06,128.05,128.04,37,49,38,176,140,5039,14,15,12,18,15,623
167R9,quote,150702,15:07:04.066844,,,,,,,,,,,,,,,,128.09,128.1,128.11,128.12,128.13,4,138,59,81,116,5399,2,13,15,15,15,724,128.08,128.07,128.06,128.05,128.04,37,49,38,176,140,5039,14,15,12,18,15,623
167R9,quote,150702,15:07:04.067591,,,,,,,,,,,,,,,,128.09,128.1,128.11,128.12,128.13,4,138,59,81,116,5399,2,13,15,15,15,724,128.08,128.07,128.06,128.05,128.04,40,49,38,176,140,5042,15,15,12,18,15,624
167R9,quote,150703,15:07:04.315032,,,,,,,,,,,,,,,,128.09,128.1,128.11,128.12,128.13,4,138,59,81,116,5399,2,13,15,15,15,724,128.08,128.07,128.06,128.05,128.04,37,49,38,176,140,5039,14,15,12,18,15,623
167R9,quote,150703,15:07:04.379763,,,,,,,,,,,,,,,,128.09,128.1,128.11,128.12,128.13,4,138,59,81,116,5399,2,13,15,15,15,724,128.08,128.07,128.06,128.05,128.04,37,49,38,175,140,5038,14,15,12,17,15,622
167R9,quote,150703,15:07:04.441597,,,,,,,,,,,,,,,,128.09,128.1,128.11,128.12,128.13,4,138,59,81,116,5399,2,13,15,15,15,724,128.08,128.07,128.06,128.05,128.04,40,49,38,175,140,5041,15,15,12,17,15,623
167R9,quote,150703,15:07:04.444586,,,,,,,,,,,,,,,,128.09,128.1,128.11,128.12,128.13,4,138,59,81,116,5399,2,13,15,15,15,724,128.08,128.07,128.06,128.05,128.04,37,49,38,175,140,5038,14,15,12,17,15,622
167R9,quote,150703,15:07:04.690926,,,,,,,,,,,,,,,,128.09,128.1,128.11,128.12,128.13,4,138,59,81,116,5399,2,13,15,15,15,724,128.08,128.07,128.06,128.05,128.04,40,49,38,175,140,5041,15,15,12,17,15,623
167R9,quote,150703,15:07:04.877427,,,,,,,,,,,,,,,,128.09,128.1,128.11,128.12,128.13,4,138,59,81,116,5399,2,13,15,15,15,724,128.08,128.07,128.06,128.05,128.04,37,49,38,175,140,5038,14,15,12,17,15,622
167R9,quote,150704,15:07:05.441193,,,,,,,,,,,,,,,,128.09,128.1,128.11,128.12,128.13,4,138,59,81,116,5399,2,13,15,15,15,724,128.08,128.07,128.06,128.05,128.04,40,49,38,175,140,5041,15,15,12,17,15,623
167R9,quote,150704,15:07:05.567585,,,,,,,,,,,,,,,,128.09,128.1,128.11,128.12,128.13,4,138,59,81,116,5399,2,13,15,15,15,724,128.08,128.07,128.06,128.05,128.04,37,49,38,175,140,5038,14,15,12,17,15,622
167R9,quote,150705,15:07:07.001828,,,,,,,,,,,,,,,,128.09,128.1,128.11,128.12,128.13,4,138,59,81,116,5399,2,13,15,15,15,724,128.08,128.07,128.06,128.05,128.04,39,49,38,175,140,5040,15,15,12,17,15,623
167R9,quote,150705,15:07:07.067577,,,,,,,,,,,,,,,,128.09,128.1,128.11,128.12,128.13,4,138,59,81,116,5399,2,13,15,15,15,724,128.08,128.07,128.06,128.05,128.04,42,49,38,175,140,5043,16,15,12,17,15,624
167R9,quote,150705,15:07:07.070566,,,,,,,,,,,,,,,,128.09,128.1,128.11,128.12,128.13,4,138,59,81,116,5399,2,13,15,15,15,724,128.08,128.07,128.06,128.05,128.04,39,49,38,175,140,5040,15,15,12,17,15,623
167R9,quote,150705,15:07:07.191242,,,,,,,,,,,,,,,,128.09,128.1,128.11,128.12,128.13,4,138,59,81,116,5399,2,13,15,15,15,724,128.08,128.07,128.06,128.05,128.04,42,49,38,175,140,5043,16,15,12,17,15,624
167R9,quote,150705,15:07:07.253185,,,,,,,,,,,,,,,,128.09,128.1,128.11,128.12,128.13,4,138,59,81,116,5399,2,13,15,15,15,724,128.08,128.07,128.06,128.05,128.04,42,49,38,174,140,5042,16,15,12,16,15,623
167R9,quote,150705,15:07:07.254100,,,,,,,,,,,,,,,,128.09,128.1,128.11,128.12,128.13,4,138,59,81,116,5399,2,13,15,15,15,724,128.08,128.07,128.06,128.05,128.04,39,49,38,174,140,5039,15,15,12,16,15,622
167R9,quote,150706,15:07:07.941237,,,,,,,,,,,,,,,,128.09,128.1,128.11,128.12,128.13,4,138,59,81,116,5399,2,13,15,15,15,724,128.08,128.07,128.06,128.05,128.04,42,49,38,174,140,5042,16,15,12,16,15,623
167R9,quote,150706,15:07:08.002087,,,,,,,,,,,,,,,,128.09,128.1,128.11,128.12,128.13,4,138,59,81,116,5399,2,13,15,15,15,724,128.08,128.07,128.06,128.05,128.04,39,49,38,174,140,5039,15,15,12,16,15,622
167R9,quote,150707,15:07:08.814983,,,,,,,,,,,,,,,,128.09,128.1,128.11,128.12,128.13,4,138,59,81,116,5399,2,13,15,15,15,724,128.08,128.07,128.06,128.05,128.04,39,49,38,174,140,5039,15,15,12,16,15,622
167R9,quote,150707,15:07:08.875831,,,,,,,,,,,,,,,,128.09,128.1,128.11,128.12,128.13,4,138,59,81,116,5399,2,13,15,15,15,724,128.08,128.07,128.06,128.05,128.04,39,49,38,174,140,5049,15,15,12,16,15,623
167R9,quote,150707,15:07:09.190990,,,,,,,,,,,,,,,,128.09,128.1,128.11,128.12,128.13,4,138,59,89,116,5407,2,13,15,16,15,725,128.08,128.07,128.06,128.05,128.04,39,49,38,174,140,5049,15,15,12,16,15,623
167R9,quote,150707,15:07:09.191922,,,,,,,,,,,,,,,,128.09,128.1,128.11,128.12,128.13,4,138,59,89,116,5407,2,13,15,16,15,725,128.08,128.07,128.06,128.05,128.04,39,49,39,174,140,5050,15,15,13,16,15,624
167R9,quote,150738,15:07:39.737258,,,,,,,,,,,,,,,,128.1,128.11,128.12,128.13,128.14,130,57,85,116,124,5392,11,13,19,15,15,723,128.09,128.08,128.07,128.06,128.05,43,38,50,43,233,5180,5,14,15,17,16,635
167R9,quote,150738,15:07:39.799129,,,,,,,,,,,,,,,,128.1,128.11,128.12,128.13,128.14,135,57,85,116,124,5397,12,13,19,15,15,724,128.09,128.08,128.07,128.06,128.05,43,38,50,43,233,5180,5,14,15,17,16,635
167R9,quote,150738,15:07:39.802083,,,,,,,,,,,,,,,,128.1,128.11,128.12,128.13,128.14,135,57,85,116,124,5397,12,13,19,15,15,724,128.09,128.08,128.07,128.06,128.05,38,38,50,43,233,5175,4,14,15,17,16,634
167R9,quote,150738,15:07:39.925011,,,,,,,,,,,,,,,,128.1,128.11,128.12,128.13,128.14,135,57,85,116,124,5397,12,13,19,15,15,724,128.09,128.08,128.07,128.06,128.05,38,38,50,43,233,5175,4,14,15,17,16,634
167R9,quote,150739,15:07:41.110631,,,,,,,,,,,,,,,,128.1,128.11,128.12,128.13,128.14,135,57,85,116,124,5397,12,13,19,15,15,724,128.09,128.08,128.07,128.06,128.05,38,38,50,43,233,5175,4,14,15,17,16,634
167R9,quote,150739,15:07:41.173416,,,,,,,,,,,,,,,,128.1,128.11,128.12,128.13,128.14,135,57,85,116,124,5397,12,13,19,15,15,724,128.09,128.08,128.07,128.06,128.05,38,38,50,43,233,5175,4,14,15,17,16,634
167R9,quote,150739,15:07:41.176408,,,,,,,,,,,,,,,,128.1,128.11,128.12,128.13,128.14,135,57,85,116,124,5397,12,13,19,15,15,724,128.09,128.08,128.07,128.06,128.05,38,38,50,43,233,5175,4,14,15,17,16,634
167R9,quote,150740,15:07:41.301075,,,,,,,,,,,,,,,,128.1,128.11,128.12,128.13,128.14,135,57,85,116,124,5397,12,13,19,15,15,724,128.09,128.08,128.07,128.06,128.05,38,38,50,43,233,5175,4,14,15,17,16,634
167R9,quote,150740,15:07:41.360946,,,,,,,,,,,,,,,,128.1,128.11,128.12,128.13,128.14,135,57,85,116,124,5397,12,13,19,15,15,724,128.09,128.08,128.07,128.06,128.05,38,38,50,43,233,5175,4,14,15,17,16,634
167R9,quote,150740,15:07:41.739902,,,,,,,,,,,,,,,,128.1,128.11,128.12,128.13,128.14,135,57,85,116,124,5397,12,13,19,15,15,724,128.09,128.08,128.07,128.06,128.05,38,38,50,43,233,5175,4,14,15,17,16,634
167R9,trade,150740,15:07:41.801734,128.09,128.44,128.45,127.99,128.1,128.09,135,36,-0.35,45678,45678,22186,23492,2,2,,,,,,,,,,,,,,,,,,,,,,,,,,,,,,,,,,
167R9,quote,150740,15:07:41.801734,,,,,,,,,,,,,,,,128.1,128.11,128.12,128.13,128.14,135,57,85,116,124,5397,12,13,19,15,15,724,128.09,128.08,128.07,128.06,128.05,36,38,50,43,233,5173,4,14,15,17,16,634
167R9,trade,150740,15:07:41.802732,128.09,128.44,128.45,127.99,128.1,128.09,135,19,-0.35,45695,45695,22186,23509,2,2,,,,,,,,,,,,,,,,,,,,,,,,,,,,,,,,,,
167R9,quote,150740,15:07:41.803762,,,,,,,,,,,,,,,,128.1,128.11,128.12,128.13,128.14,135,57,85,116,124,5397,12,13,19,15,15,724,128.09,128.08,128.07,128.06,128.05,19,38,50,43,233,5156,2,14,15,17,16,632
167R9,trade,150740,15:07:41.803762,128.09,128.44,128.45,127.99,128.1,128.09,135,18,-0.35,45696,45696,22186,23510,2,2,,,,,,,,,,,,,,,,,,,,,,,,,,,,,,,,,,
167R9,quote,150740,15:07:41.804752,,,,,,,,,,,,,,,,128.1,128.11,128.12,128.13,128.14,135,57,85,116,124,5397,12,13,19,15,15,724,128.09,128.08,128.07,128.06,128.05,18,38,50,43,233,5155,2,14,15,17,16,632
167R9,trade,150740,15:07:41.804752,128.09,128.44,128.45,127.99,128.1,128.09,135,1,-0.35,45713,45713,22186,23527,2,2,,,,,,,,,,,,,,,,,,,,,,,,,,,,,,,,,,
167R9,quote,150740,15:07:41.805724,,,,,,,,,,,,,,,,128.1,128.11,128.12,128.13,128.14,135,57,85,116,124,5397,12,13,19,15,15,724,128.09,128.08,128.07,128.06,128.05,1,38,50,43,233,5138,1,14,15,17,16,631
167R9,trade,150740,15:07:41.863570,128.09,128.44,128.45,127.99,128.1,128.09,135,1,-0.35,45714,45714,22186,23528,2,1,,,,,,,,,,,,,,,,,,,,,,,,,,,,,,,,,,
167R9,quote,150740,15:07:41.864567,,,,,,,,,,,,,,,,128.1,128.11,128.12,128.13,128.14,135,57,85,116,124,5397,12,13,19,15,15,724,128.08,128.07,128.06,128.05,128.04,38,50,43,233,134,5137,14,15,17,16,15,630
167R9,quote,150740,15:07:41.865564,,,,,,,,,,,,,,,,128.1,128.11,128.12,128.13,128.14,138,57,85,116,124,5400,13,13,19,15,15,725,128.08,128.07,128.06,128.05,128.04,38,50,43,233,134,5137,14,15,17,16,15,630
167R9,quote,150740,15:07:41.865564,,,,,,,,,,,,,,,,128.09,128.1,128.11,128.12,128.13,36,138,57,85,116,5436,1,13,13,19,15,726,128.08,128.07,128.06,128.05,128.04,38,50,43,233,134,5137,14,15,17,16,15,630
167R9,quote,150740,15:07:41.866561,,,,,,,,,,,,,,,,128.09,128.1,128.11,128.12,128.13,37,138,57,85,116,5437,2,13,13,19,15,727,128.08,128.07,128.06,128.05,128.04,38,50,43,233,134,5137,14,15,17,16,15,630
167R9,quote,150740,15:07:41.866561,,,,,,,,,,,,,,,,128.09,128.1,128.11,128.12,128.13,37,138,57,85,116,5437,2,13,13,19,15,727,128.08,128.07,128.06,128.05,128.04,38,50,43,233,134,5137,14,15,17,16,15,630
167R9,quote,150740,15:07:41.867559,,,,,,,,,,,,,,,,128.09,128.1,128.11,128.12,128.13,37,138,57,85,116,5437,2,13,13,19,15,727,128.08,128.07,128.06,128.05,128.04,38,50,43,233,134,5137,14,15,17,16,15,630
167R9,quote,150740,15:07:41.868555,,,,,,,,,,,,,,,,128.09,128.1,128.11,128.12,128.13,39,138,57,85,116,5439,3,13,13,19,15,728,128.08,128.07,128.06,128.05,128.04,38,50,43,233,134,5137,14,15,17,16,15,630
167R9,quote,150740,15:07:41.868555,,,,,,,,,,,,,,,,128.09,128.1,128.11,128.12,128.13,39,138,57,85,116,5439,3,13,13,19,15,728,128.08,128.07,128.06,128.05,128.04,35,50,43,233,134,5134,13,15,17,16,15,629
167R9,quote,150740,15:07:41.869553,,,,,,,,,,,,,,,,128.09,128.1,128.11,128.12,128.13,39,138,57,85,116,5439,3,13,13,19,15,728,128.08,128.07,128.06,128.05,128.04,35,50,43,233,134,5134,13,15,17,16,15,629
167R9,quote,150740,15:07:41.869553,,,,,,,,,,,,,,,,128.09,128.1,128.11,128.12,128.13,39,138,57,85,116,5439,3,13,13,19,15,728,128.08,128.07,128.06,128.05,128.04,35,50,43,233,134,5134,13,15,17,16,15,629
167R9,quote,150740,15:07:41.870551,,,,,,,,,,,,,,,,128.09,128.1,128.11,128.12,128.13,37,138,57,85,116,5437,2,13,13,19,15,727,128.08,128.07,128.06,128.05,128.04,35,50,43,233,134,5134,13,15,17,16,15,629
167R9,quote,150740,15:07:41.870551,,,,,,,,,,,,,,,,128.09,128.1,128.11,128.12,128.13,38,138,57,85,116,5438,3,13,13,19,15,728,128.08,128.07,128.06,128.05,128.04,35,50,43,233,134,5134,13,15,17,16,15,629
167R9,quote,150740,15:07:41.871547,,,,,,,,,,,,,,,,128.09,128.1,128.11,128.12,128.13,37,138,57,85,116,5437,2,13,13,19,15,727,128.08,128.07,128.06,128.05,128.04,35,50,43,233,134,5134,13,15,17,16,15,629
167R9,quote,150740,15:07:41.872545,,,,,,,,,,,,,,,,128.09,128.1,128.11,128.12,128.13,42,138,57,85,116,5442,3,13,13,19,15,728,128.08,128.07,128.06,128.05,128.04,35,50,43,233,134,5134,13,15,17,16,15,629
167R9,quote,150740,15:07:41.872545,,,,,,,,,,,,,,,,128.09,128.1,128.11,128.12,128.13,6,138,57,85,116,5406,2,13,13,19,15,727,128.08,128.07,128.06,128.05,128.04,35,50,43,233,134,5134,13,15,17,16,15,629
167R9,quote,150740,15:07:41.873543,,,,,,,,,,,,,,,,128.09,128.1,128.11,128.12,128.13,5,138,57,85,116,5405,1,13,13,19,15,726,128.08,128.07,128.06,128.05,128.04,35,50,43,233,134,5134,13,15,17,16,15,629
167R9,quote,150740,15:07:41.873543,,,,,,,,,,,,,,,,128.09,128.1,128.11,128.12,128.13,5,138,57,85,116,5405,1,13,13,19,15,726,128.08,128.07,128.06,128.05,128.04,35,50,43,225,134,5126,13,15,17,15,15,628
167R9,quote,150740,15:07:41.874540,,,,,,,,,,,,,,,,128.09,128.1,128.11,128.12,128.13,5,138,57,85,116,5405,1,13,13,19,15,726,128.08,128.07,128.06,128.05,128.04,35,50,43,225,142,5134,13,15,17,15,16,629
167R9,quote,150740,15:07:41.874540,,,,,,,,,,,,,,,,128.1,128.11,128.12,128.13,128.14,138,57,85,116,124,5400,13,13,19,15,15,725,128.08,128.07,128.06,128.05,128.04,35,50,43,225,142,5134,13,15,17,15,16,629
167R9,quote,150740,15:07:41.875537,,,,,,,,,,,,,,,,128.09,128.1,128.11,128.12,128.13,1,138,57,85,116,5401,1,13,13,19,15,726,128.08,128.07,128.06,128.05,128.04,35,50,43,225,142,5134,13,15,17,15,16,629
167R9,quote,150740,15:07:41.876535,,,,,,,,,,,,,,,,128.09,128.1,128.11,128.12,128.13,1,138,57,85,116,5401,1,13,13,19,15,726,128.08,128.07,128.06,128.05,128.04,38,50,43,225,142,5137,14,15,17,15,16,630
167R9,quote,150740,15:07:41.923413,,,,,,,,,,,,,,,,128.1,128.11,128.12,128.13,128.14,138,57,85,116,124,5400,13,13,19,15,15,725,128.08,128.07,128.06,128.05,128.04,38,50,43,225,142,5137,14,15,17,15,16,630
167R9,quote,150740,15:07:42.049074,,,,,,,,,,,,,,,,128.1,128.11,128.12,128.13,128.14,138,57,85,116,124,5400,13,13,19,15,15,725,128.08,128.07,128.06,128.05,128.04,39,50,43,225,142,5138,15,15,17,15,16,631
167R9,quote,150740,15:07:42.112933,,,,,,,,,,,,,,,,128.1,128.11,128.12,128.13,128.14,138,57,85,116,124,5400,13,13,19,15,15,725,128.09,128.08,128.07,128.06,128.05,1,39,50,43,225,5139,1,15,15,17,15,632
167R9,trade,150740,15:07:42.113901,128.09,128.44,128.45,127.99,128.1,128.08,138,39,-0.35,45715,45715,22186,23529,2,2,,,,,,,,,,,,,,,,,,,,,,,,,,,,,,,,,,
167R9,quote,150740,15:07:42.113901,,,,,,,,,,,,,,,,128.1,128.11,128.12,128.13,128.14,138,57,85,116,124,5400,13,13,19,15,15,725,128.08,128.07,128.06,128.05,128.04,39,50,43,225,142,5138,15,15,17,15,16,631
167R9,quote,150740,15:07:42.114897,,,,,,,,,,,,,,,,128.09,128.1,128.11,128.12,128.13,1,138,57,85,116,5401,1,13,13,19,15,726,128.08,128.07,128.06,128.05,128.04,39,50,43,225,142,5138,15,15,17,15,16,631
167R9,quote,150740,15:07:42.115924,,,,,,,,,,,,,,,,128.1,128.11,128.12,128.13,128.14,138,57,85,116,124,5400,13,13,19,15,15,725,128.08,128.07,128.06,128.05,128.04,39,50,43,225,142,5138,15,15,17,15,16,631
167R9,quote,150740,15:07:42.173740,,,,,,,,,,,,,,,,128.1,128.11,128.12,128.13,128.14,137,57,85,116,124,5399,12,13,19,15,15,724,128.08,128.07,128.06,128.05,128.04,39,50,43,225,142,5138,15,15,17,15,16,631
167R9,quote,150740,15:07:42.236582,,,,,,,,,,,,,,,,128.09,128.1,128.11,128.12,128.13,1,137,57,85,116,5400,1,12,13,19,15,725,128.08,128.07,128.06,128.05,128.04,39,50,43,225,142,5138,15,15,17,15,16,631
167R9,quote,150740,15:07:42.239569,,,,,,,,,,,,,,,,128.09,128.1,128.11,128.12,128.13,1,137,57,85,116,5400,1,12,13,19,15,725,128.08,128.07,128.06,128.05,128.04,39,50,43,225,142,5138,15,15,17,15,16,631
167R9,trade,150740,15:07:42.302399,128.09,128.44,128.45,127.99,128.1,128.08,137,39,-0.35,45716,45716,22187,23529,1,2,,,,,,,,,,,,,,,,,,,,,,,,,,,,,,,,,,
167R9,quote,150740,15:07:42.303429,,,,,,,,,,,,,,,,128.1,128.11,128.12,128.13,128.14,137,57,85,116,124,5399,12,13,19,15,15,724,128.08,128.07,128.06,128.05,128.04,39,50,43,225,142,5138,15,15,17,15,16,631
167R9,quote,150741,15:07:43.049401,,,,,,,,,,,,,,,,128.1,128.11,128.12,128.13,128.14,137,57,85,116,124,5399,12,13,19,15,15,724,128.08,128.07,128.06,128.05,128.04,39,50,43,233,142,5146,15,15,17,16,16,632
167R9,quote,150743,15:07:44.987222,,,,,,,,,,,,,,,,128.09,128.1,128.11,128.12,128.13,1,137,57,85,116,5400,1,12,13,19,15,725,128.08,128.07,128.06,128.05,128.04,39,50,43,233,142,5146,15,15,17,16,16,632
167R9,quote,150745,15:07:46.613875,,,,,,,,,,,,,,,,128.1,128.11,128.12,128.13,128.14,137,57,85,116,124,5399,12,13,19,15,15,724,128.08,128.07,128.06,128.05,128.04,39,50,43,233,142,5146,15,15,17,16,16,632
167R9,quote,150745,15:07:47.047805,,,,,,,,,,,,,,,,128.1,128.11,128.12,128.13,128.14,137,57,85,116,124,5399,12,13,19,15,15,724,128.08,128.07,128.06,128.05,128.04,39,50,43,233,142,5146,15,15,17,16,16,632
167R9,quote,150745,15:07:47.113541,,,,,,,,,,,,,,,,128.1,128.11,128.12,128.13,128.14,137,57,85,116,124,5399,12,13,19,15,15,724,128.08,128.07,128.06,128.05,128.04,39,50,43,233,142,5146,15,15,17,16,16,632
167R9,quote,150745,15:07:47.238237,,,,,,,,,,,,,,,,128.09,128.1,128.11,128.12,128.13,1,137,57,85,116,5400,1,12,13,19,15,725,128.08,128.07,128.06,128.05,128.04,39,50,43,233,142,5146,15,15,17,16,16,632
167R9,quote,150746,15:07:47.985211,,,,,,,,,,,,,,,,128.1,128.11,128.12,128.13,128.14,137,57,85,116,124,5399,12,13,19,15,15,724,128.08,128.07,128.06,128.05,128.04,39,50,43,233,142,5146,15,15,17,16,16,632
167R9,quote,150747,15:07:48.923698,,,,,,,,,,,,,,,,128.09,128.1,128.11,128.12,128.13,1,137,57,85,116,5400,1,12,13,19,15,725,128.08,128.07,128.06,128.05,128.04,39,50,43,233,142,5146,15,15,17,16,16,632
167R9,quote,150748,15:07:49.550417,,,,,,,,,,,,,,,,128.09,128.1,128.11,128.12,128.13,1,137,57,85,116,5400,1,12,13,19,15,725,128.08,128.07,128.06,128.05,128.04,39,50,43,233,142,5146,15,15,17,16,16,632
167R9,quote,150748,15:07:49.926023,,,,,,,,,,,,,,,,128.1,128.11,128.12,128.13,128.14,137,57,85,116,124,5399,12,13,19,15,15,724,128.08,128.07,128.06,128.05,128.04,39,50,43,233,142,5146,15,15,17,16,16,632
167R9,quote,150749,15:07:50.986226,,,,,,,,,,,,,,,,128.09,128.1,128.11,128.12,128.13,1,137,57,85,116,5400,1,12,13,19,15,725,128.08,128.07,128.06,128.05,128.04,39,50,43,233,142,5146,15,15,17,16,16,632
167R9,quote,150750,15:07:51.435985,,,,,,,,,,,,,,,,128.09,128.1,128.11,128.12,128.13,6,132,57,85,116,5400,2,11,13,19,15,725,128.08,128.07,128.06,128.05,128.04,39,50,43,233,142,5146,15,15,17,16,16,632
167R9,quote,150750,15:07:52.048347,,,,,,,,,,,,,,,,128.09,128.1,128.11,128.12,128.13,6,132,57,85,116,5400,2,11,13,19,15,725,128.08,128.07,128.06,128.05,128.04,39,50,43,233,142,5146,15,15,17,16,16,632
167R9,trade,150751,15:07:52.297962,128.09,128.44,128.45,127.99,128.1,128.09,132,4,-0.35,45722,45722,22193,23529,1,2,,,,,,,,,,,,,,,,,,,,,,,,,,,,,,,,,,
167R9,quote,150750,15:07:52.361536,,,,,,,,,,,,,,,,128.1,128.11,128.12,128.13,128.14,132,57,85,116,124,5394,11,13,19,15,15,723,128.09,128.08,128.07,128.06,128.05,4,39,50,43,233,5150,1,15,15,17,16,633
167R9,quote,150751,15:07:52.363507,,,,,,,,,,,,,,,,128.1,128.11,128.12,128.13,128.14,132,57,85,116,124,5394,11,13,19,15,15,723,128.09,128.08,128.07,128.06,128.05,5,39,50,43,233,5151,2,15,15,17,16,634
167R9,trade,150751,15:07:52.366499,128.09,128.44,128.45,127.99,128.1,128.09,132,1,-0.35,45726,45726,22193,23533,2,2,,,,,,,,,,,,,,,,,,,,,,,,,,,,,,,,,,
167R9,quote,150751,15:07:52.366499,,,,,,,,,,,,,,,,128.1,128.11,128.12,128.13,128.14,132,57,85,116,124,5394,11,13,19,15,15,723,128.09,128.08,128.07,128.06,128.05,1,39,50,43,233,5147,1,15,15,17,16,633
167R9,quote,150751,15:07:52.367494,,,,,,,,,,,,,,,,128.1,128.11,128.12,128.13,128.14,132,57,85,116,124,5394,11,13,19,15,15,723,128.08,128.07,128.06,128.05,128.04,39,50,43,233,142,5146,15,15,17,16,16,632
167R9,quote,150751,15:07:52.368491,,,,,,,,,,,,,,,,128.09,128.1,128.11,128.12,128.13,1,132,57,85,116,5395,1,11,13,19,15,724,128.08,128.07,128.06,128.05,128.04,39,50,43,233,142,5146,15,15,17,16,16,632
167R9,quote,150751,15:07:52.368491,,,,,,,,,,,,,,,,128.1,128.11,128.12,128.13,128.14,132,57,85,116,124,5394,11,13,19,15,15,723,128.08,128.07,128.06,128.05,128.04,39,50,43,233,142,5146,15,15,17,16,16,632
167R9,quote,150751,15:07:53.112504,,,,,,,,,,,,,,,,128.1,128.11,128.12,128.13,128.14,132,57,85,116,124,5394,11,13,19,15,15,723,128.08,128.07,128.06,128.05,128.04,40,50,43,233,142,5147,16,15,17,16,16,633
167R9,quote,150753,15:07:55.049329,,,,,,,,,,,,,,,,128.1,128.11,128.12,128.13,128.14,132,57,85,116,124,5394,11,13,19,15,15,723,128.08,128.07,128.06,128.05,128.04,39,51,43,233,142,5147,15,16,17,16,16,633
167R9,quote,150753,15:07:55.176985,,,,,,,,,,,,,,,,128.1,128.11,128.12,128.13,128.14,132,57,85,116,124,5394,11,13,19,15,15,723,128.08,128.07,128.06,128.05,128.04,41,51,43,233,142,5149,16,16,17,16,16,634
167R9,quote,150755,15:07:57.051976,,,,,,,,,,,,,,,,128.1,128.11,128.12,128.13,128.14,132,57,85,116,124,5394,11,13,19,15,15,723,128.09,128.08,128.07,128.06,128.05,1,41,50,43,233,5149,1,16,15,17,16,634
167R9,quote,150755,15:07:57.112913,,,,,,,,,,,,,,,,128.1,128.11,128.12,128.13,128.14,132,57,85,116,124,5394,11,13,19,15,15,723,128.09,128.08,128.07,128.06,128.05,2,41,50,43,233,5150,2,16,15,17,16,635
167R9,quote,150756,15:07:57.800977,,,,,,,,,,,,,,,,128.1,128.11,128.12,128.13,128.14,132,57,85,116,124,5394,11,13,19,15,15,723,128.09,128.08,128.07,128.06,128.05,1,41,50,43,233,5149,1,16,15,17,16,634
167R9,quote,150757,15:07:58.860167,,,,,,,,,,,,,,,,128.1,128.11,128.12,128.13,128.14,132,57,85,116,124,5394,11,13,19,15,15,723,128.09,128.08,128.07,128.06,128.05,1,41,50,43,233,5141,1,16,15,17,16,633
167R9,quote,150758,15:07:59.548302,,,,,,,,,,,,,,,,128.1,128.11,128.12,128.13,128.14,132,57,85,116,124,5394,11,13,19,15,15,723,128.09,128.08,128.07,128.06,128.05,1,41,50,43,233,5141,1,16,15,17,16,633
167R9,quote,150759,15:08:00.362228,,,,,,,,,,,,,,,,128.1,128.11,128.12,128.13,128.14,132,57,85,116,124,5394,11,13,19,15,15,723,128.09,128.08,128.07,128.06,128.05,1,41,50,43,233,5141,1,16,15,17,16,633
167R9,quote,150759,15:08:00.426955,,,,,,,,,,,,,,,,128.1,128.11,128.12,128.13,128.14,132,57,85,116,124,5394,11,13,19,15,15,723,128.09,128.08,128.07,128.06,128.05,1,41,50,43,233,5141,1,16,15,17,16,633
167R9,quote,150800,15:08:01.238785,,,,,,,,,,,,,,,,128.1,128.11,128.12,128.13,128.14,132,57,85,116,124,5394,11,13,19,15,15,723,128.09,128.08,128.07,128.06,128.05,1,40,50,43,233,5140,1,15,15,17,16,632
167R9,quote,150800,15:08:01.298627,,,,,,,,,,,,,,,,128.1,128.11,128.12,128.13,128.14,132,57,85,116,124,5394,11,13,19,15,15,723,128.09,128.08,128.07,128.06,128.05,1,40,49,43,233,5139,1,15,14,17,16,631
167R9,quote,150800,15:08:01.300619,,,,,,,,,,,,,,,,128.1,128.11,128.12,128.13,128.14,132,57,85,116,124,5394,11,13,19,15,15,723,128.09,128.08,128.07,128.06,128.05,2,40,49,43,233,5140,2,15,14,17,16,632
167R9,quote,150800,15:08:01.302613,,,,,,,,,,,,,,,,128.1,128.11,128.12,128.13,128.14,132,57,85,116,124,5394,11,13,19,15,15,723,128.09,128.08,128.07,128.06,128.05,3,40,49,43,233,5141,3,15,14,17,16,633
167R9,quote,150800,15:08:01.304607,,,,,,,,,,,,,,,,128.1,128.11,128.12,128.13,128.14,132,57,85,116,124,5394,11,13,19,15,15,723,128.09,128.08,128.07,128.06,128.05,3,40,49,43,233,5141,3,15,14,17,16,633
167R9,quote,150800,15:08:01.362455,,,,,,,,,,,,,,,,128.1,128.11,128.12,128.13,128.14,129,57,85,116,124,5391,10,13,19,15,15,722,128.09,128.08,128.07,128.06,128.05,3,40,49,43,233,5141,3,15,14,17,16,633
167R9,quote,150800,15:08:01.425284,,,,,,,,,,,,,,,,128.1,128.11,128.12,128.13,128.14,129,57,85,116,124,5391,10,13,19,15,15,722,128.09,128.08,128.07,128.06,128.05,4,40,49,43,233,5142,4,15,14,17,16,634
167R9,quote,150800,15:08:01.426282,,,,,,,,,,,,,,,,128.1,128.11,128.12,128.13,128.14,129,57,85,116,124,5391,10,13,19,15,15,722,128.09,128.08,128.07,128.06,128.05,5,40,49,43,233,5143,5,15,14,17,16,635
167R9,quote,150800,15:08:01.426282,,,,,,,,,,,,,,,,128.1,128.11,128.12,128.13,128.14,129,57,85,116,124,5391,10,13,19,15,15,722,128.09,128.08,128.07,128.06,128.05,7,40,49,43,233,5145,6,15,14,17,16,636
167R9,quote,150800,15:08:01.427279,,,,,,,,,,,,,,,,128.1,128.11,128.12,128.13,128.14,126,57,85,116,124,5388,9,13,19,15,15,721,128.09,128.08,128.07,128.06,128.05,7,40,49,43,233,5145,6,15,14,17,16,636
167R9,trade,150800,15:08:01.485375,128.09,128.44,128.45,127.99,128.1,128.09,126,6,-0.35,45727,45727,22193,23534,2,2,,,,,,,,,,,,,,,,,,,,,,,,,,,,,,,,,,
167R9,quote,150800,15:08:01.550979,,,,,,,,,,,,,,,,128.1,128.11,128.12,128.13,128.14,126,57,85,116,124,5388,9,13,19,15,15,721,128.09,128.08,128.07,128.06,128.05,6,40,49,43,233,5144,5,15,14,17,16,635
167R9,quote,150800,15:08:01.550979,,,,,,,,,,,,,,,,128.1,128.11,128.12,128.13,128.14,126,57,85,116,124,5388,9,13,19,15,15,721,128.09,128.08,128.07,128.06,128.05,4,40,49,43,233,5142,4,15,14,17,16,634
167R9,quote,150800,15:08:01.551946,,,,,,,,,,,,,,,,128.1,128.11,128.12,128.13,128.14,126,57,85,116,124,5388,9,13,19,15,15,721,128.09,128.08,128.07,128.06,128.05,3,40,49,43,233,5141,3,15,14,17,16,633
167R9,quote,150800,15:08:01.552943,,,,,,,,,,,,,,,,128.1,128.11,128.12,128.13,128.14,129,57,85,116,124,5391,10,13,19,15,15,722,128.09,128.08,128.07,128.06,128.05,3,40,49,43,233,5141,3,15,14,17,16,633
167R9,quote,150800,15:08:02.112455,,,,,,,,,,,,,,,,128.1,128.11,128.12,128.13,128.14,129,57,85,116,124,5391,10,13,19,15,15,722,128.09,128.08,128.07,128.06,128.05,4,39,49,43,233,5141,4,14,14,17,16,633
167R9,quote,150801,15:08:02.799816,,,,,,,,,,,,,,,,128.1,128.11,128.12,128.13,128.14,129,57,85,116,124,5391,10,13,19,15,15,722,128.09,128.08,128.07,128.06,128.05,6,39,49,43,233,5143,5,14,14,17,16,634
167R9,quote,150801,15:08:02.863441,,,,,,,,,,,,,,,,128.1,128.11,128.12,128.13,128.14,126,57,85,116,124,5388,9,13,19,15,15,721,128.09,128.08,128.07,128.06,128.05,6,39,49,43,233,5143,5,14,14,17,16,634
167R9,quote,150801,15:08:02.864473,,,,,,,,,,,,,,,,128.1,128.11,128.12,128.13,128.14,126,57,85,116,124,5388,9,13,19,15,15,721,128.09,128.08,128.07,128.06,128.05,7,39,49,43,233,5144,6,14,14,17,16,635
167R9,quote,150801,15:08:02.865467,,,,,,,,,,,,,,,,128.1,128.11,128.12,128.13,128.14,126,57,85,116,124,5388,9,13,19,15,15,721,128.09,128.08,128.07,128.06,128.05,8,39,49,43,233,5145,7,14,14,17,16,636
167R9,quote,150801,15:08:02.866467,,,,,,,,,,,,,,,,128.1,128.11,128.12,128.13,128.14,126,57,85,116,124,5388,9,13,19,15,15,721,128.09,128.08,128.07,128.06,128.05,11,39,49,43,233,5148,8,14,14,17,16,637
167R9,quote,150801,15:08:02.867466,,,,,,,,,,,,,,,,128.1,128.11,128.12,128.13,128.14,126,57,85,116,124,5388,9,13,19,15,15,721,128.09,128.08,128.07,128.06,128.05,12,39,49,43,233,5149,9,14,14,17,16,638
167R9,quote,150801,15:08:02.868456,,,,,,,,,,,,,,,,128.1,128.11,128.12,128.13,128.14,126,57,85,116,124,5388,9,13,19,15,15,721,128.09,128.08,128.07,128.06,128.05,9,39,49,43,233,5146,8,14,14,17,16,637
167R9,quote,150802,15:08:04.238764,,,,,,,,,,,,,,,,128.1,128.11,128.12,128.13,128.14,126,57,85,116,124,5388,9,13,19,15,15,721,128.09,128.08,128.07,128.06,128.05,9,39,49,43,234,5147,8,14,14,17,17,638
167R9,quote,150803,15:08:04.985768,,,,,,,,,,,,,,,,128.1,128.11,128.12,128.13,128.14,126,57,85,116,124,5388,9,13,19,15,15,721,128.09,128.08,128.07,128.06,128.05,12,39,49,43,234,5150,9,14,14,17,17,639
167R9,quote,150803,15:08:04.988761,,,,,,,,,,,,,,,,128.1,128.11,128.12,128.13,128.14,126,57,85,116,124,5388,9,13,19,15,15,721,128.09,128.08,128.07,128.06,128.05,15,39,49,43,234,5153,10,14,14,17,17,640
167R9,quote,150803,15:08:04.989759,,,,,,,,,,,,,,,,128.1,128.11,128.12,128.13,128.14,126,57,85,116,124,5388,9,13,19,15,15,721,128.09,128.08,128.07,128.06,128.05,20,39,49,43,234,5158,11,14,14,17,17,641
167R9,quote,150806,15:08:07.801268,,,,,,,,,,,,,,,,128.1,128.11,128.12,128.13,128.14,126,57,85,116,124,5388,9,13,19,15,15,721,128.09,128.08,128.07,128.06,128.05,20,39,49,43,234,5158,11,14,14,17,17,641
167R9,quote,150808,15:08:09.426902,,,,,,,,,,,,,,,,128.1,128.11,128.12,128.13,128.14,126,57,85,116,124,5388,9,13,19,15,15,721,128.09,128.08,128.07,128.06,128.05,20,39,49,43,234,5158,11,14,14,17,17,641
167R9,quote,150808,15:08:09.612408,,,,,,,,,,,,,,,,128.1,128.11,128.12,128.13,128.14,126,57,85,116,124,5388,9,13,19,15,15,721,128.09,128.08,128.07,128.06,128.05,20,39,49,43,234,5158,11,14,14,17,17,641
167R9,quote,150808,15:08:09.989422,,,,,,,,,,,,,,,,128.1,128.11,128.12,128.13,128.14,126,57,85,116,124,5388,9,13,19,15,15,721,128.09,128.08,128.07,128.06,128.05,20,39,49,43,234,5158,11,14,14,17,17,641
167R9,quote,150808,15:08:09.989422,,,,,,,,,,,,,,,,128.1,128.11,128.12,128.13,128.14,126,57,85,116,124,5388,9,13,19,15,15,721,128.09,128.08,128.07,128.06,128.05,20,39,49,43,234,5158,11,14,14,17,17,641
167R9,quote,150809,15:08:10.423265,,,,,,,,,,,,,,,,128.1,128.11,128.12,128.13,128.14,126,57,85,116,124,5388,9,13,19,15,15,721,128.09,128.08,128.07,128.06,128.05,17,39,49,43,234,5155,10,14,14,17,17,640
167R9,quote,150810,15:08:11.611066,,,,,,,,,,,,,,,,128.1,128.11,128.12,128.13,128.14,126,57,85,116,124,5388,9,13,19,15,15,721,128.09,128.08,128.07,128.06,128.05,17,39,47,43,234,5153,10,14,13,17,17,639
167R9,quote,150810,15:08:11.676990,,,,,,,,,,,,,,,,128.1,128.11,128.12,128.13,128.14,126,57,85,116,124,5388,9,13,19,15,15,721,128.09,128.08,128.07,128.06,128.05,17,39,47,43,234,5153,10,14,13,17,17,639
167R9,quote,150810,15:08:12.176555,,,,,,,,,,,,,,,,128.1,128.11,128.12,128.13,128.14,126,57,85,116,124,5388,9,13,19,15,15,721,128.09,128.08,128.07,128.06,128.05,17,39,47,43,234,5153,10,14,13,17,17,639
167R9,quote,150811,15:08:12.799889,,,,,,,,,,,,,,,,128.1,128.11,128.12,128.13,128.14,126,57,85,116,124,5388,9,13,19,15,15,721,128.09,128.08,128.07,128.06,128.05,17,39,47,43,234,5153,10,14,13,17,17,639
167R9,quote,150811,15:08:12.861749,,,,,,,,,,,,,,,,128.1,128.11,128.12,128.13,128.14,126,57,85,116,124,5388,9,13,19,15,15,721,128.09,128.08,128.07,128.06,128.05,17,39,47,43,234,5153,10,14,13,17,17,639
167R9,quote,150812,15:08:13.299804,,,,,,,,,,,,,,,,128.1,128.11,128.12,128.13,128.14,126,57,85,116,124,5388,9,13,19,15,15,721,128.09,128.08,128.07,128.06,128.05,16,39,47,43,234,5152,9,14,13,17,17,638
167R9,quote,150812,15:08:13.363378,,,,,,,,,,,,,,,,128.1,128.11,128.12,128.13,128.14,126,57,85,116,124,5388,9,13,19,15,15,721,128.09,128.08,128.07,128.06,128.05,15,39,47,43,234,5151,8,14,13,17,17,637
167R9,quote,150812,15:08:13.366374,,,,,,,,,,,,,,,,128.1,128.11,128.12,128.13,128.14,126,57,85,116,124,5388,9,13,19,15,15,721,128.09,128.08,128.07,128.06,128.05,13,39,47,43,234,5149,7,14,13,17,17,636
167R9,quote,150812,15:08:13.367406,,,,,,,,,,,,,,,,128.1,128.11,128.12,128.13,128.14,126,57,85,116,124,5388,9,13,19,15,15,721,128.09,128.08,128.07,128.06,128.05,12,39,47,43,234,5148,6,14,13,17,17,635
167R9,quote,150812,15:08:13.368391,,,,,,,,,,,,,,,,128.1,128.11,128.12,128.13,128.14,129,57,85,116,124,5391,10,13,19,15,15,722,128.09,128.08,128.07,128.06,128.05,12,39,47,43,234,5148,6,14,13,17,17,635
167R9,quote,150812,15:08:13.368391,,,,,,,,,,,,,,,,128.1,128.11,128.12,128.13,128.14,129,57,85,116,124,5391,10,13,19,15,15,722,128.09,128.08,128.07,128.06,128.05,9,39,47,43,234,5145,5,14,13,17,17,634
167R9,trade,150812,15:08:13.369361,128.09,128.44,128.45,127.99,128.1,128.08,129,39,-0.35,45736,45736,22193,23543,2,2,,,,,,,,,,,,,,,,,,,,,,,,,,,,,,,,,,
167R9,quote,150812,15:08:13.369361,,,,,,,,,,,,,,,,128.1,128.11,128.12,128.13,128.14,129,57,85,116,124,5391,10,13,19,15,15,722,128.08,128.07,128.06,128.05,128.04,39,47,43,234,134,5136,14,13,17,17,15,629
167R9,quote,150812,15:08:13.370358,,,,,,,,,,,,,,,,128.1,128.11,128.12,128.13,128.14,129,57,85,116,124,5391,10,13,19,15,15,722,128.08,128.07,128.06,128.05,128.04,39,47,43,234,134,5136,14,13,17,17,15,629
167R9,quote,150812,15:08:13.370358,,,,,,,,,,,,,,,,128.1,128.11,128.12,128.13,128.14,129,57,85,116,124,5391,10,13,19,15,15,722,128.08,128.07,128.06,128.05,128.04,39,47,43,234,134,5136,14,13,17,17,15,629
167R9,quote,150812,15:08:13.371383,,,,,,,,,,,,,,,,128.1,128.11,128.12,128.13,128.14,132,57,85,116,124,5394,11,13,19,15,15,723,128.08,128.07,128.06,128.05,128.04,39,47,43,234,134,5136,14,13,17,17,15,629
167R9,quote,150812,15:08:13.372383,,,,,,,,,,,,,,,,128.09,128.1,128.11,128.12,128.13,9,132,57,85,116,5403,1,11,13,19,15,724,128.08,128.07,128.06,128.05,128.04,39,47,43,234,134,5136,14,13,17,17,15,629
167R9,quote,150812,15:08:13.372383,,,,,,,,,,,,,,,,128.09,128.1,128.11,128.12,128.13,10,132,57,85,116,5404,2,11,13,19,15,725,128.08,128.07,128.06,128.05,128.04,39,47,43,234,134,5136,14,13,17,17,15,629
167R9,quote,150812,15:08:13.373350,,,,,,,,,,,,,,,,128.09,128.1,128.11,128.12,128.13,9,132,57,85,116,5403,1,11,13,19,15,724,128.08,128.07,128.06,128.05,128.04,39,47,43,234,134,5136,14,13,17,17,15,629
167R9,quote,150812,15:08:13.373350,,,,,,,,,,,,,,,,128.1,128.11,128.12,128.13,128.14,132,57,85,116,124,5394,11,13,19,15,15,723,128.08,128.07,128.06,128.05,128.04,39,47,43,234,134,5136,14,13,17,17,15,629
167R9,quote,150812,15:08:13.374346,,,,,,,,,,,,,,,,128.1,128.11,128.12,128.13,128.14,132,57,85,116,124,5394,11,13,19,15,15,723,128.08,128.07,128.06,128.05,128.04,39,47,43,226,134,5128,14,13,17,16,15,628
167R9,quote,150812,15:08:13.375372,,,,,,,,,,,,,,,,128.1,128.11,128.12,128.13,128.14,132,57,85,116,124,5394,11,13,19,15,15,723,128.08,128.07,128.06,128.05,128.04,39,47,43,226,142,5136,14,13,17,16,16,629
167R9,quote,150812,15:08:13.861117,,,,,,,,,,,,,,,,128.09,128.1,128.11,128.12,128.13,20,132,57,85,116,5414,1,11,13,19,15,724,128.08,128.07,128.06,128.05,128.04,39,47,43,226,142,5136,14,13,17,16,16,629
167R9,quote,150812,15:08:13.925875,,,,,,,,,,,,,,,,128.09,128.1,128.11,128.12,128.13,21,132,57,85,116,5415,2,11,13,19,15,725,128.08,128.07,128.06,128.05,128.04,39,47,43,226,142,5136,14,13,17,16,16,629
167R9,quote,150812,15:08:13.928867,,,,,,,,,,,,,,,,128.09,128.1,128.11,128.12,128.13,22,132,57,85,116,5416,3,11,13,19,15,726,128.08,128.07,128.06,128.05,128.04,39,47,43,226,142,5136,14,13,17,16,16,629
167R9,quote,150812,15:08:13.930860,,,,,,,,,,,,,,,,128.09,128.1,128.11,128.12,128.13,23,132,57,85,116,5417,4,11,13,19,15,727,128.08,128.07,128.06,128.05,128.04,39,47,43,226,142,5136,14,13,17,16,16,629
167R9,quote,150812,15:08:13.930860,,,,,,,,,,,,,,,,128.09,128.1,128.11,128.12,128.13,23,132,57,77,116,5409,4,11,13,18,15,726,128.08,128.07,128.06,128.05,128.04,39,47,43,226,142,5136,14,13,17,16,16,629
167R9,quote,150812,15:08:13.931882,,,,,,,,,,,,,,,,128.09,128.1,128.11,128.12,128.13,24,132,57,77,116,5410,5,11,13,18,15,727,128.08,128.07,128.06,128.05,128.04,39,47,43,226,142,5136,14,13,17,16,16,629
167R9,quote,150812,15:08:13.988810,,,,,,,,,,,,,,,,128.09,128.1,128.11,128.12,128.13,24,132,57,77,116,5410,5,11,13,18,15,727,128.08,128.07,128.06,128.05,128.04,39,47,43,226,142,5136,14,13,17,16,16,629
167R9,quote,150813,15:08:15.049103,,,,,,,,,,,,,,,,128.09,128.1,128.11,128.12,128.13,24,132,57,77,116,5410,5,11,13,18,15,727,128.08,128.07,128.06,128.05,128.04,39,47,43,226,142,5136,14,13,17,16,16,629
167R9,quote,150813,15:08:15.237368,,,,,,,,,,,,,,,,128.09,128.1,128.11,128.12,128.13,26,132,57,77,116,5412,6,11,13,18,15,728,128.08,128.07,128.06,128.05,128.04,39,47,43,226,142,5136,14,13,17,16,16,629
167R9,quote,150813,15:08:15.239362,,,,,,,,,,,,,,,,128.09,128.1,128.11,128.12,128.13,29,132,57,77,116,5415,7,11,13,18,15,729,128.08,128.07,128.06,128.05,128.04,39,47,43,226,142,5136,14,13,17,16,16,629
167R9,quote,150813,15:08:15.240359,,,,,,,,,,,,,,,,128.09,128.1,128.11,128.12,128.13,29,132,57,77,116,5415,7,11,13,18,15,729,128.08,128.07,128.06,128.05,128.04,36,47,43,226,142,5133,13,13,17,16,16,628
167R9,quote,150813,15:08:15.243372,,,,,,,,,,,,,,,,128.09,128.1,128.11,128.12,128.13,29,132,57,77,116,5415,7,11,13,18,15,729,128.08,128.07,128.06,128.05,128.04,25,47,43,226,142,5122,12,13,17,16,16,627
167R9,quote,150813,15:08:15.248339,,,,,,,,,,,,,,,,128.09,128.1,128.11,128.12,128.13,29,132,57,77,116,5415,7,11,13,18,15,729,128.08,128.07,128.06,128.05,128.04,24,47,43,226,142,5121,11,13,17,16,16,626
167R9,quote,150813,15:08:15.303192,,,,,,,,,,,,,,,,128.09,128.1,128.11,128.12,128.13,40,132,57,77,116,5426,8,11,13,18,15,730,128.08,128.07,128.06,128.05,128.04,24,47,43,226,142,5121,11,13,17,16,16,626
167R9,quote,150813,15:08:15.306184,,,,,,,,,,,,,,,,128.09,128.1,128.11,128.12,128.13,39,132,57,77,116,5425,7,11,13,18,15,729,128.08,128.07,128.06,128.05,128.04,24,47,43,226,142,5121,11,13,17,16,16,626
167R9,quote,150813,15:08:15.307181,,,,,,,,,,,,,,,,128.09,128.1,128.11,128.12,128.13,38,132,57,77,116,5424,6,11,13,18,15,728,128.08,128.07,128.06,128.05,128.04,24,47,43,226,142,5121,11,13,17,16,16,626
167R9,quote,150813,15:08:15.308178,,,,,,,,,,,,,,,,128.09,128.1,128.11,128.12,128.13,37,132,57,77,116,5423,5,11,13,18,15,727,128.08,128.07,128.06,128.05,128.04,24,47,43,226,142,5121,11,13,17,16,16,626
167R9,quote,150813,15:08:15.309176,,,,,,,,,,,,,,,,128.09,128.1,128.11,128.12,128.13,42,132,57,77,116,5428,6,11,13,18,15,728,128.08,128.07,128.06,128.05,128.04,24,47,43,226,142,5121,11,13,17,16,16,626
167R9,quote,150813,15:08:15.313165,,,,,,,,,,,,,,,,128.09,128.1,128.11,128.12,128.13,42,132,57,77,116,5428,6,11,13,18,15,728,128.08,128.07,128.06,128.05,128.04,19,47,43,226,142,5116,10,13,17,16,16,625
167R9,quote,150814,15:08:15.314162,,,,,,,,,,,,,,,,128.09,128.1,128.11,128.12,128.13,42,132,57,77,116,5428,6,11,13,18,15,728,128.08,128.07,128.06,128.05,128.04,19,47,43,234,142,5124,10,13,17,17,16,626
167R9,quote,150814,15:08:16.112255,,,,,,,,,,,,,,,,128.09,128.1,128.11,128.12,128.13,42,132,57,77,116,5428,6,11,13,18,15,728,128.08,128.07,128.06,128.05,128.04,20,47,43,234,142,5125,11,13,17,17,16,627
167R9,quote,150814,15:08:16.113054,,,,,,,,,,,,,,,,128.09,128.1,128.11,128.12,128.13,42,132,57,77,116,5428,6,11,13,18,15,728,128.08,128.07,128.06,128.05,128.04,25,47,43,234,142,5130,12,13,17,17,16,628
167R9,quote,150814,15:08:16.114025,,,,,,,,,,,,,,,,128.09,128.1,128.11,128.12,128.13,31,132,57,77,116,5417,5,11,13,18,15,727,128.08,128.07,128.06,128.05,128.04,25,47,43,234,142,5130,12,13,17,17,16,628
167R9,trade,150814,15:08:16.115023,128.09,128.44,128.45,127.99,128.09,128.08,25,25,-0.35,45742,45742,22199,23543,1,2,,,,,,,,,,,,,,,,,,,,,,,,,,,,,,,,,,
167R9,quote,150814,15:08:16.116019,,,,,,,,,,,,,,,,128.09,128.1,128.11,128.12,128.13,25,132,57,77,116,5411,5,11,13,18,15,727,128.08,128.07,128.06,128.05,128.04,25,47,43,234,142,5130,12,13,17,17,16,628
167R9,quote,150814,15:08:16.117051,,,,,,,,,,,,,,,,128.09,128.1,128.11,128.12,128.13,22,132,57,77,116,5408,4,11,13,18,15,726,128.08,128.07,128.06,128.05,128.04,25,47,43,234,142,5130,12,13,17,17,16,628
167R9,trade,150814,15:08:16.118014,128.09,128.44,128.45,127.99,128.09,128.08,16,25,-0.35,45748,45748,22205,23543,1,2,,,,,,,,,,,,,,,,,,,,,,,,,,,,,,,,,,
167R9,quote,150814,15:08:16.119044,,,,,,,,,,,,,,,,128.09,128.1,128.11,128.12,128.13,16,132,57,77,116,5402,4,11,13,18,15,726,128.08,128.07,128.06,128.05,128.04,25,47,43,234,142,5130,12,13,17,17,16,628
167R9,quote,150814,15:08:16.120041,,,,,,,,,,,,,,,,128.09,128.1,128.11,128.12,128.13,14,132,57,77,116,5400,3,11,13,18,15,725,128.08,128.07,128.06,128.05,128.04,25,47,43,234,142,5130,12,13,17,17,16,628
167R9,quote,150814,15:08:16.122029,,,,,,,,,,,,,,,,128.09,128.1,128.11,128.12,128.13,9,132,57,77,116,5395,2,11,13,18,15,724,128.08,128.07,128.06,128.05,128.04,25,47,43,234,142,5130,12,13,17,17,16,628
167R9,quote,150814,15:08:16.123029,,,,,,,,,,,,,,,,128.09,128.1,128.11,128.12,128.13,8,132,57,77,116,5394,1,11,13,18,15,723,128.08,128.07,128.06,128.05,128.04,25,47,43,234,142,5130,12,13,17,17,16,628
167R9,quote,150814,15:08:16.124024,,,,,,,,,,,,,,,,128.09,128.1,128.11,128.12,128.13,8,132,57,77,116,5394,1,11,13,18,15,723,128.08,128.07,128.06,128.05,128.04,28,47,43,234,142,5133,13,13,17,17,16,629
167R9,quote,150814,15:08:16.124996,,,,,,,,,,,,,,,,128.09,128.1,128.11,128.12,128.13,8,132,57,77,116,5394,1,11,13,18,15,723,128.08,128.07,128.06,128.05,128.04,39,47,43,234,142,5144,14,13,17,17,16,630
167R9,trade,150814,15:08:16.126031,128.09,128.44,128.45,127.99,128.09,128.08,8,39,-0.35,45756,45756,22213,23543,1,1,,,,,,,,,,,,,,,,,,,,,,,,,,,,,,,,,,
167R9,quote,150814,15:08:16.126031,,,,,,,,,,,,,,,,128.1,128.11,128.12,128.13,128.14,132,57,77,116,124,5386,11,13,18,15,15,722,128.08,128.07,128.06,128.05,128.04,39,47,43,234,142,5144,14,13,17,17,16,630
167R9,quote,150814,15:08:16.126991,,,,,,,,,,,,,,,,128.1,128.11,128.12,128.13,128.14,132,57,77,116,124,5386,11,13,18,15,15,722,128.08,128.07,128.06,128.05,128.04,39,47,43,234,142,5144,14,13,17,17,16,630
167R9,quote,150814,15:08:16.127987,,,,,,,,,,,,,,,,128.09,128.1,128.11,128.12,128.13,2,132,57,77,116,5388,1,11,13,18,15,723,128.08,128.07,128.06,128.05,128.04,39,47,43,234,142,5144,14,13,17,17,16,630
167R9,quote,150814,15:08:16.130994,,,,,,,,,,,,,,,,128.09,128.1,128.11,128.12,128.13,2,129,57,77,116,5385,1,10,13,18,15,722,128.08,128.07,128.06,128.05,128.04,39,47,43,234,142,5144,14,13,17,17,16,630
167R9,trade,150815,15:08:16.298532,128.09,128.44,128.45,127.99,128.1,128.08,129,39,-0.35,45758,45758,22215,23543,1,2,,,,,,,,,,,,,,,,,,,,,,,,,,,,,,,,,,
167R9,quote,150814,15:08:16.298532,,,,,,,,,,,,,,,,128.1,128.11,128.12,128.13,128.14,129,57,77,116,124,5383,10,13,18,15,15,721,128.08,128.07,128.06,128.05,128.04,39,47,43,234,142,5144,14,13,17,17,16,630
167R9,quote,150815,15:08:16.299528,,,,,,,,,,,,,,,,128.1,128.11,128.12,128.13,128.14,129,57,77,116,124,5383,10,13,18,15,15,721,128.08,128.07,128.06,128.05,128.04,39,47,43,234,142,5144,14,13,17,17,16,630
167R9,quote,150815,15:08:16.300525,,,,,,,,,,,,,,,,128.1,128.11,128.12,128.13,128.14,129,57,77,116,124,5383,10,13,18,15,15,721,128.08,128.07,128.06,128.05,128.04,39,47,43,234,142,5144,14,13,17,17,16,630
167R9,quote,150815,15:08:16.300525,,,,,,,,,,,,,,,,128.1,128.11,128.12,128.13,128.14,129,57,77,116,124,5383,10,13,18,15,15,721,128.08,128.07,128.06,128.05,128.04,39,47,43,234,142,5144,14,13,17,17,16,630
167R9,quote,150815,15:08:16.301523,,,,,,,,,,,,,,,,128.1,128.11,128.12,128.13,128.14,129,57,77,116,124,5383,10,13,18,15,15,721,128.09,128.08,128.07,128.06,128.05,1,39,47,43,234,5145,1,14,13,17,17,631
167R9,quote,150815,15:08:16.301523,,,,,,,,,,,,,,,,128.1,128.11,128.12,128.13,128.14,129,57,77,116,124,5383,10,13,18,15,15,721,128.09,128.08,128.07,128.06,128.05,1,39,47,43,234,5145,1,14,13,17,17,631
167R9,quote,150815,15:08:16.302520,,,,,,,,,,,,,,,,128.1,128.11,128.12,128.13,128.14,129,57,77,116,124,5383,10,13,18,15,15,721,128.08,128.07,128.06,128.05,128.04,39,47,43,234,142,5144,14,13,17,17,16,630
167R9,quote,150816,15:08:17.297861,,,,,,,,,,,,,,,,128.1,128.11,128.12,128.13,128.14,129,57,77,116,124,5383,10,13,18,15,15,721,128.08,128.07,128.06,128.05,128.04,36,47,43,234,142,5141,13,13,17,17,16,629
167R9,quote,150816,15:08:18.113683,,,,,,,,,,,,,,,,128.1,128.11,128.12,128.13,128.14,129,57,85,116,124,5391,10,13,19,15,15,722,128.08,128.07,128.06,128.05,128.04,36,47,43,234,142,5141,13,13,17,17,16,629
167R9,quote,150816,15:08:18.172610,,,,,,,,,,,,,,,,128.09,128.1,128.11,128.12,128.13,1,129,57,85,116,5392,1,10,13,19,15,723,128.08,128.07,128.06,128.05,128.04,36,47,43,234,142,5141,13,13,17,17,16,629
167R9,quote,150816,15:08:18.173520,,,,,,,,,,,,,,,,128.09,128.1,128.11,128.12,128.13,2,129,57,85,116,5393,2,10,13,19,15,724,128.08,128.07,128.06,128.05,128.04,36,47,43,234,142,5141,13,13,17,17,16,629
167R9,trade,150816,15:08:18.174517,128.09,128.44,128.45,127.99,128.09,128.08,1,36,-0.35,45759,45759,22216,23543,1,2,,,,,,,,,,,,,,,,,,,,,,,,,,,,,,,,,,
167R9,quote,150816,15:08:18.175514,,,,,,,,,,,,,,,,128.09,128.1,128.11,128.12,128.13,1,129,57,85,116,5392,1,10,13,19,15,723,128.08,128.07,128.06,128.05,128.04,36,47,43,234,142,5141,13,13,17,17,16,629
167R9,quote,150816,15:08:18.176512,,,,,,,,,,,,,,,,128.09,128.1,128.11,128.12,128.13,2,129,57,85,116,5393,2,10,13,19,15,724,128.08,128.07,128.06,128.05,128.04,36,47,43,234,142,5141,13,13,17,17,16,629
167R9,quote,150816,15:08:18.177509,,,,,,,,,,,,,,,,128.09,128.1,128.11,128.12,128.13,13,129,57,85,116,5404,3,10,13,19,15,725,128.08,128.07,128.06,128.05,128.04,36,47,43,234,142,5141,13,13,17,17,16,629
167R9,trade,150816,15:08:18.178506,128.09,128.44,128.45,127.99,128.09,128.08,12,36,-0.35,45760,45760,22217,23543,1,2,,,,,,,,,,,,,,,,,,,,,,,,,,,,,,,,,,
167R9,quote,150816,15:08:18.179503,,,,,,,,,,,,,,,,128.09,128.1,128.11,128.12,128.13,12,129,57,85,116,5403,2,10,13,19,15,724,128.08,128.07,128.06,128.05,128.04,36,47,43,234,142,5141,13,13,17,17,16,629
167R9,quote,150816,15:08:18.180501,,,,,,,,,,,,,,,,128.09,128.1,128.11,128.12,128.13,12,129,57,85,116,5403,2,10,13,19,15,724,128.08,128.07,128.06,128.05,128.04,39,47,43,234,142,5144,14,13,17,17,16,630
167R9,quote,150816,15:08:18.180501,,,,,,,,,,,,,,,,128.09,128.1,128.11,128.12,128.13,12,129,57,85,116,5403,2,10,13,19,15,724,128.08,128.07,128.06,128.05,128.04,28,47,43,234,142,5133,13,13,17,17,16,629
167R9,quote,150816,15:08:18.181499,,,,,,,,,,,,,,,,128.09,128.1,128.11,128.12,128.13,12,129,57,85,116,5403,2,10,13,19,15,724,128.08,128.07,128.06,128.05,128.04,25,47,43,234,142,5130,12,13,17,17,16,628
167R9,quote,150816,15:08:18.182496,,,,,,,,,,,,,,,,128.09,128.1,128.11,128.12,128.13,15,129,57,85,116,5406,3,10,13,19,15,725,128.08,128.07,128.06,128.05,128.04,25,47,43,234,142,5130,12,13,17,17,16,628
167R9,quote,150816,15:08:18.183493,,,,,,,,,,,,,,,,128.09,128.1,128.11,128.12,128.13,12,129,57,85,116,5403,2,10,13,19,15,724,128.08,128.07,128.06,128.05,128.04,25,47,43,234,142,5130,12,13,17,17,16,628
167R9,quote,150817,15:08:18.925510,,,,,,,,,,,,,,,,128.09,128.1,128.11,128.12,128.13,12,129,57,85,116,5403,2,10,13,19,15,724,128.08,128.07,128.06,128.05,128.04,25,55,43,234,142,5138,12,14,17,17,16,629
167R9,trade,150817,15:08:18.987344,128.09,128.44,128.45,127.99,128.1,128.08,129,25,-0.35,45772,45772,22229,23543,1,2,,,,,,,,,,,,,,,,,,,,,,,,,,,,,,,,,,
167R9,quote,150817,15:08:18.987344,,,,,,,,,,,,,,,,128.1,128.11,128.12,128.13,128.14,129,57,85,116,124,5391,10,13,19,15,15,722,128.08,128.07,128.06,128.05,128.04,25,55,43,234,142,5138,12,14,17,17,16,629
167R9,quote,150817,15:08:18.988342,,,,,,,,,,,,,,,,128.1,128.11,128.12,128.13,128.14,129,57,85,116,124,5391,10,13,19,15,15,722,128.08,128.07,128.06,128.05,128.04,25,55,43,234,142,5138,12,14,17,17,16,629
167R9,quote,150817,15:08:18.989339,,,,,,,,,,,,,,,,128.1,128.11,128.12,128.13,128.14,129,57,85,116,124,5391,10,13,19,15,15,722,128.08,128.07,128.06,128.05,128.04,28,55,43,234,142,5141,13,14,17,17,16,630
167R9,quote,150817,15:08:18.989339,,,,,,,,,,,,,,,,128.1,128.11,128.12,128.13,128.14,129,57,85,116,124,5391,10,13,19,15,15,722,128.08,128.07,128.06,128.05,128.04,39,55,43,234,142,5152,14,14,17,17,16,631
167R9,quote,150818,15:08:19.362420,,,,,,,,,,,,,,,,128.1,128.11,128.12,128.13,128.14,129,57,85,116,94,5361,10,13,19,15,14,721,128.08,128.07,128.06,128.05,128.04,39,55,43,234,142,5152,14,14,17,17,16,631
167R9,quote,150819,15:08:21.112665,,,,,,,,,,,,,,,,128.1,128.11,128.12,128.13,128.14,129,57,85,116,94,5361,10,13,19,15,14,721,128.08,128.07,128.06,128.05,128.04,39,55,43,234,142,5152,14,14,17,17,16,631
167R9,quote,150820,15:08:21.739019,,,,,,,,,,,,,,,,128.09,128.1,128.11,128.12,128.13,5,124,57,85,116,5361,1,9,13,19,15,721,128.08,128.07,128.06,128.05,128.04,39,55,43,234,142,5152,14,14,17,17,16,631
167R9,quote,150820,15:08:21.800934,,,,,,,,,,,,,,,,128.09,128.1,128.11,128.12,128.13,6,124,57,85,116,5362,2,9,13,19,15,722,128.08,128.07,128.06,128.05,128.04,39,55,43,234,142,5152,14,14,17,17,16,631
167R9,trade,150820,15:08:21.802820,128.09,128.44,128.45,127.99,128.09,128.08,1,39,-0.35,45777,45777,22234,23543,1,2,,,,,,,,,,,,,,,,,,,,,,,,,,,,,,,,,,
167R9,quote,150820,15:08:21.802820,,,,,,,,,,,,,,,,128.09,128.1,128.11,128.12,128.13,1,124,57,85,116,5357,1,9,13,19,15,721,128.08,128.07,128.06,128.05,128.04,39,55,43,234,142,5152,14,14,17,17,16,631
167R9,trade,150820,15:08:21.803843,128.09,128.44,128.45,127.99,128.1,128.08,124,39,-0.35,45778,45778,22235,23543,1,2,,,,,,,,,,,,,,,,,,,,,,,,,,,,,,,,,,
167R9,quote,150820,15:08:21.803843,,,,,,,,,,,,,,,,128.1,128.11,128.12,128.13,128.14,124,57,85,116,94,5356,9,13,19,15,14,720,128.08,128.07,128.06,128.05,128.04,39,55,43,234,142,5152,14,14,17,17,16,631
167R9,quote,150820,15:08:21.804814,,,,,,,,,,,,,,,,128.1,128.11,128.12,128.13,128.14,124,57,85,116,94,5356,9,13,19,15,14,720,128.08,128.07,128.06,128.05,128.04,39,55,43,234,142,5152,14,14,17,17,16,631
167R9,quote,150820,15:08:21.863696,,,,,,,,,,,,,,,,128.1,128.11,128.12,128.13,128.14,124,57,85,116,94,5356,9,13,19,15,14,720,128.08,128.07,128.06,128.05,128.04,40,55,43,234,142,5153,15,14,17,17,16,632
167R9,quote,150820,15:08:21.927526,,,,,,,,,,,,,,,,128.1,128.11,128.12,128.13,128.14,124,57,85,116,94,5356,9,13,19,15,14,720,128.08,128.07,128.06,128.05,128.04,40,55,43,234,142,5153,15,14,17,17,16,632
167R9,quote,150820,15:08:22.235759,,,,,,,,,,,,,,,,128.1,128.11,128.12,128.13,128.14,124,57,85,116,94,5356,9,13,19,15,14,720,128.09,128.08,128.07,128.06,128.05,2,40,55,43,234,5155,1,15,14,17,17,633
167R9,quote,150820,15:08:22.301762,,,,,,,,,,,,,,,,128.1,128.11,128.12,128.13,128.14,124,57,85,116,94,5356,9,13,19,15,14,720,128.09,128.08,128.07,128.06,128.05,5,40,55,43,234,5158,2,15,14,17,17,634
167R9,quote,150820,15:08:22.302516,,,,,,,,,,,,,,,,128.1,128.11,128.12,128.13,128.14,124,57,85,116,94,5356,9,13,19,15,14,720,128.09,128.08,128.07,128.06,128.05,6,40,55,43,234,5159,3,15,14,17,17,635
167R9,quote,150820,15:08:22.303509,,,,,,,,,,,,,,,,128.1,128.11,128.12,128.13,128.14,124,57,85,116,94,5356,9,13,19,15,14,720,128.09,128.08,128.07,128.06,128.05,11,40,55,43,234,5164,4,15,14,17,17,636
167R9,quote,150820,15:08:22.304502,,,,,,,,,,,,,,,,128.1,128.11,128.12,128.13,128.14,124,57,85,116,94,5356,9,13,19,15,14,720,128.09,128.08,128.07,128.06,128.05,12,40,55,43,234,5165,5,15,14,17,17,637
167R9,quote,150820,15:08:22.304502,,,,,,,,,,,,,,,,128.1,128.11,128.12,128.13,128.14,124,57,85,116,94,5356,9,13,19,15,14,720,128.09,128.08,128.07,128.06,128.05,12,40,55,43,234,5157,5,15,14,17,17,636
167R9,quote,150821,15:08:22.428192,,,,,,,,,,,,,,,,128.1,128.11,128.12,128.13,128.14,124,57,85,116,94,5356,9,13,19,15,14,720,128.09,128.08,128.07,128.06,128.05,13,40,55,43,234,5158,6,15,14,17,17,637
167R9,quote,150821,15:08:22.488030,,,,,,,,,,,,,,,,128.1,128.11,128.12,128.13,128.14,124,57,85,116,94,5356,9,13,19,15,14,720,128.09,128.08,128.07,128.06,128.05,14,40,55,43,234,5159,7,15,14,17,17,638
167R9,quote,150821,15:08:22.491032,,,,,,,,,,,,,,,,128.1,128.11,128.12,128.13,128.14,119,57,85,116,94,5351,8,13,19,15,14,719,128.09,128.08,128.07,128.06,128.05,14,40,55,43,234,5159,7,15,14,17,17,638
167R9,quote,150821,15:08:22.494014,,,,,,,,,,,,,,,,128.1,128.11,128.12,128.13,128.14,119,57,85,116,94,5351,8,13,19,15,14,719,128.09,128.08,128.07,128.06,128.05,15,40,55,43,234,5160,8,15,14,17,17,639
167R9,quote,150821,15:08:22.553814,,,,,,,,,,,,,,,,128.1,128.11,128.12,128.13,128.14,116,57,85,116,94,5348,7,13,19,15,14,718,128.09,128.08,128.07,128.06,128.05,15,40,55,43,234,5160,8,15,14,17,17,639
167R9,quote,150821,15:08:22.612686,,,,,,,,,,,,,,,,128.1,128.11,128.12,128.13,128.14,119,57,85,116,94,5351,8,13,19,15,14,719,128.09,128.08,128.07,128.06,128.05,15,40,55,43,234,5160,8,15,14,17,17,639
167R9,quote,150821,15:08:22.863041,,,,,,,,,,,,,,,,128.1,128.11,128.12,128.13,128.14,116,57,85,116,94,5348,7,13,19,15,14,718,128.09,128.08,128.07,128.06,128.05,15,40,55,43,234,5160,8,15,14,17,17,639
167R9,quote,150821,15:08:22.926817,,,,,,,,,,,,,,,,128.1,128.11,128.12,128.13,128.14,119,57,85,116,94,5351,8,13,19,15,14,719,128.09,128.08,128.07,128.06,128.05,15,40,55,43,234,5160,8,15,14,17,17,639
167R9,quote,150822,15:08:23.362651,,,,,,,,,,,,,,,,128.1,128.11,128.12,128.13,128.14,119,57,85,116,94,5351,8,13,19,15,14,719,128.09,128.08,128.07,128.06,128.05,14,40,55,43,234,5159,7,15,14,17,17,638
167R9,quote,150822,15:08:23.362651,,,,,,,,,,,,,,,,128.1,128.11,128.12,128.13,128.14,119,57,85,116,94,5351,8,13,19,15,14,719,128.09,128.08,128.07,128.06,128.05,13,40,55,43,234,5158,6,15,14,17,17,637
167R9,quote,150822,15:08:23.363647,,,,,,,,,,,,,,,,128.1,128.11,128.12,128.13,128.14,119,57,85,116,94,5351,8,13,19,15,14,719,128.09,128.08,128.07,128.06,128.05,12,40,55,43,234,5157,5,15,14,17,17,636
167R9,quote,150822,15:08:23.365668,,,,,,,,,,,,,,,,128.1,128.11,128.12,128.13,128.14,119,57,85,116,94,5351,8,13,19,15,14,719,128.09,128.08,128.07,128.06,128.05,11,40,55,43,234,5156,4,15,14,17,17,635
167R9,quote,150822,15:08:23.368635,,,,,,,,,,,,,,,,128.1,128.11,128.12,128.13,128.14,119,57,85,116,94,5351,8,13,19,15,14,719,128.09,128.08,128.07,128.06,128.05,13,40,55,43,234,5158,5,15,14,17,17,636
167R9,trade,150822,15:08:23.369632,128.09,128.44,128.45,127.99,128.1,128.08,119,40,-0.35,45791,45791,22235,23556,2,2,,,,,,,,,,,,,,,,,,,,,,,,,,,,,,,,,,
167R9,quote,150822,15:08:23.370628,,,,,,,,,,,,,,,,128.1,128.11,128.12,128.13,128.14,119,57,85,116,94,5351,8,13,19,15,14,719,128.08,128.07,128.06,128.05,128.04,40,55,43,234,134,5145,15,14,17,17,15,631
167R9,quote,150822,15:08:23.372657,,,,,,,,,,,,,,,,128.09,128.1,128.11,128.12,128.13,1,119,57,85,116,5352,1,8,13,19,15,720,128.08,128.07,128.06,128.05,128.04,40,55,43,234,134,5145,15,14,17,17,15,631
167R9,quote,150822,15:08:23.373622,,,,,,,,,,,,,,,,128.09,128.1,128.11,128.12,128.13,14,119,57,85,116,5365,2,8,13,19,15,721,128.08,128.07,128.06,128.05,128.04,40,55,43,234,134,5145,15,14,17,17,15,631
167R9,quote,150822,15:08:23.374619,,,,,,,,,,,,,,,,128.09,128.1,128.11,128.12,128.13,13,119,57,85,116,5364,1,8,13,19,15,720,128.08,128.07,128.06,128.05,128.04,40,55,43,234,134,5145,15,14,17,17,15,631
167R9,trade,150822,15:08:23.375643,128.09,128.44,128.45,127.99,128.09,128.08,12,40,-0.35,45792,45792,22236,23556,1,2,,,,,,,,,,,,,,,,,,,,,,,,,,,,,,,,,,
167R9,quote,150822,15:08:23.376640,,,,,,,,,,,,,,,,128.09,128.1,128.11,128.12,128.13,12,119,57,85,116,5363,1,8,13,19,15,720,128.08,128.07,128.06,128.05,128.04,40,55,43,234,134,5145,15,14,17,17,15,631
167R9,trade,150822,15:08:23.376640,128.09,128.44,128.45,127.99,128.09,128.08,11,40,-0.35,45793,45793,22237,23556,1,2,,,,,,,,,,,,,,,,,,,,,,,,,,,,,,,,,,
167R9,quote,150822,15:08:23.377611,,,,,,,,,,,,,,,,128.09,128.1,128.11,128.12,128.13,11,119,57,85,116,5362,1,8,13,19,15,720,128.08,128.07,128.06,128.05,128.04,40,55,43,234,134,5145,15,14,17,17,15,631
167R9,trade,150822,15:08:23.379631,128.09,128.44,128.45,127.99,128.09,128.08,2,40,-0.35,45802,45802,22246,23556,1,2,,,,,,,,,,,,,,,,,,,,,,,,,,,,,,,,,,
167R9,quote,150822,15:08:23.379631,,,,,,,,,,,,,,,,128.09,128.1,128.11,128.12,128.13,2,119,57,85,116,5353,1,8,13,19,15,720,128.08,128.07,128.06,128.05,128.04,40,55,43,234,134,5145,15,14,17,17,15,631
167R9,trade,150822,15:08:23.380603,128.09,128.44,128.45,127.99,128.09,128.08,2,40,-0.35,45804,45804,22248,23556,1,1,,,,,,,,,,,,,,,,,,,,,,,,,,,,,,,,,,
167R9,quote,150822,15:08:23.381626,,,,,,,,,,,,,,,,128.1,128.11,128.12,128.13,128.14,119,57,85,116,94,5351,8,13,19,15,14,719,128.08,128.07,128.06,128.05,128.04,40,55,43,234,134,5145,15,14,17,17,15,631
167R9,quote,150822,15:08:23.381626,,,,,,,,,,,,,,,,128.1,128.11,128.12,128.13,128.14,119,57,85,116,94,5351,8,13,19,15,14,719,128.08,128.07,128.06,128.05,128.04,40,55,43,234,134,5145,15,14,17,17,15,631
167R9,quote,150822,15:08:23.427502,,,,,,,,,,,,,,,,128.1,128.11,128.12,128.13,128.14,119,57,85,116,94,5351,8,13,19,15,14,719,128.08,128.07,128.06,128.05,128.04,40,55,43,234,134,5145,15,14,17,17,15,631
167R9,quote,150822,15:08:23.428475,,,,,,,,,,,,,,,,128.1,128.11,128.12,128.13,128.14,119,57,85,116,94,5351,8,13,19,15,14,719,128.08,128.07,128.06,128.05,128.04,40,55,43,234,134,5145,15,14,17,17,15,631
167R9,quote,150822,15:08:23.428475,,,,,,,,,,,,,,,,128.1,128.11,128.12,128.13,128.14,119,57,85,116,94,5351,8,13,19,15,14,719,128.08,128.07,128.06,128.05,128.04,40,55,43,234,134,5145,15,14,17,17,15,631
167R9,quote,150822,15:08:23.429472,,,,,,,,,,,,,,,,128.1,128.11,128.12,128.13,128.14,119,57,85,116,94,5351,8,13,19,15,14,719,128.08,128.07,128.06,128.05,128.04,40,55,43,234,134,5145,15,14,17,17,15,631
167R9,quote,150822,15:08:23.430494,,,,,,,,,,,,,,,,128.1,128.11,128.12,128.13,128.14,124,57,85,116,94,5356,9,13,19,15,14,720,128.08,128.07,128.06,128.05,128.04,40,55,43,234,134,5145,15,14,17,17,15,631
167R9,quote,150822,15:08:23.431492,,,,,,,,,,,,,,,,128.1,128.11,128.12,128.13,128.14,124,57,85,116,94,5356,9,13,19,15,14,720,128.08,128.07,128.06,128.05,128.04,40,55,43,226,134,5137,15,14,17,16,15,630
167R9,quote,150822,15:08:23.431492,,,,,,,,,,,,,,,,128.1,128.11,128.12,128.13,128.14,124,57,85,116,94,5356,9,13,19,15,14,720,128.08,128.07,128.06,128.05,128.04,40,55,43,226,142,5145,15,14,17,16,16,631
167R9,quote,150823,15:08:24.927474,,,,,,,,,,,,,,,,128.09,128.1,128.11,128.12,128.13,1,124,57,85,116,5357,1,9,13,19,15,721,128.08,128.07,128.06,128.05,128.04,40,55,43,226,142,5145,15,14,17,16,16,631
167R9,quote,150823,15:08:24.986314,,,,,,,,,,,,,,,,128.09,128.1,128.11,128.12,128.13,1,125,57,85,116,5358,1,10,13,19,15,722,128.08,128.07,128.06,128.05,128.04,40,55,43,226,142,5145,15,14,17,16,16,631
167R9,quote,150823,15:08:24.989342,,,,,,,,,,,,,,,,128.09,128.1,128.11,128.12,128.13,1,126,57,85,116,5359,1,11,13,19,15,723,128.08,128.07,128.06,128.05,128.04,40,55,43,226,142,5145,15,14,17,16,16,631
167R9,quote,150823,15:08:24.992297,,,,,,,,,,,,,,,,128.09,128.1,128.11,128.12,128.13,1,127,57,85,116,5360,1,12,13,19,15,724,128.08,128.07,128.06,128.05,128.04,40,55,43,226,142,5145,15,14,17,16,16,631
167R9,quote,150823,15:08:24.995292,,,,,,,,,,,,,,,,128.09,128.1,128.11,128.12,128.13,4,127,57,85,116,5363,2,12,13,19,15,725,128.08,128.07,128.06,128.05,128.04,40,55,43,226,142,5145,15,14,17,16,16,631
167R9,quote,150823,15:08:24.997285,,,,,,,,,,,,,,,,128.09,128.1,128.11,128.12,128.13,15,127,57,85,116,5374,3,12,13,19,15,726,128.08,128.07,128.06,128.05,128.04,40,55,43,226,142,5145,15,14,17,16,16,631
167R9,quote,150823,15:08:24.999309,,,,,,,,,,,,,,,,128.09,128.1,128.11,128.12,128.13,16,127,57,85,116,5375,4,12,13,19,15,727,128.08,128.07,128.06,128.05,128.04,40,55,43,226,142,5145,15,14,17,16,16,631
167R9,trade,150823,15:08:25.001305,128.09,128.44,128.45,127.99,128.09,128.08,15,40,-0.35,45805,45805,22249,23556,1,2,,,,,,,,,,,,,,,,,,,,,,,,,,,,,,,,,,
167R9,quote,150823,15:08:25.002302,,,,,,,,,,,,,,,,128.09,128.1,128.11,128.12,128.13,15,127,57,85,116,5374,3,12,13,19,15,726,128.08,128.07,128.06,128.05,128.04,40,55,43,226,142,5145,15,14,17,16,16,631
167R9,quote,150823,15:08:25.003301,,,,,,,,,,,,,,,,128.09,128.1,128.11,128.12,128.13,15,127,57,85,116,5374,3,12,13,19,15,726,128.08,128.07,128.06,128.05,128.04,29,55,43,226,142,5134,14,14,17,16,16,630
167R9,quote,150823,15:08:25.006293,,,,,,,,,,,,,,,,128.09,128.1,128.11,128.12,128.13,16,127,57,85,116,5375,4,12,13,19,15,727,128.08,128.07,128.06,128.05,128.04,29,55,43,226,142,5134,14,14,17,16,16,630
167R9,quote,150823,15:08:25.007289,,,,,,,,,,,,,,,,128.09,128.1,128.11,128.12,128.13,16,127,57,85,116,5375,4,12,13,19,15,727,128.08,128.07,128.06,128.05,128.04,26,55,43,226,142,5131,13,14,17,16,16,629
167R9,quote,150823,15:08:25.008252,,,,,,,,,,,,,,,,128.09,128.1,128.11,128.12,128.13,19,127,57,85,116,5378,5,12,13,19,15,728,128.08,128.07,128.06,128.05,128.04,26,55,43,226,142,5131,13,14,17,16,16,629
167R9,quote,150823,15:08:25.010286,,,,,,,,,,,,,,,,128.09,128.1,128.11,128.12,128.13,20,127,57,85,116,5379,6,12,13,19,15,729,128.08,128.07,128.06,128.05,128.04,26,55,43,226,142,5131,13,14,17,16,16,629
167R9,quote,150823,15:08:25.013240,,,,,,,,,,,,,,,,128.09,128.1,128.11,128.12,128.13,22,127,57,85,116,5381,7,12,13,19,15,730,128.08,128.07,128.06,128.05,128.04,26,55,43,226,142,5131,13,14,17,16,16,629
167R9,quote,150823,15:08:25.021218,,,,,,,,,,,,,,,,128.09,128.1,128.11,128.12,128.13,22,127,57,85,116,5381,7,12,13,19,15,730,128.08,128.07,128.06,128.05,128.04,23,55,43,226,142,5128,12,14,17,16,16,628
167R9,quote,150823,15:08:25.024210,,,,,,,,,,,,,,,,128.09,128.1,128.11,128.12,128.13,20,127,57,85,116,5379,6,12,13,19,15,729,128.08,128.07,128.06,128.05,128.04,23,55,43,226,142,5128,12,14,17,16,16,628
167R9,quote,150823,15:08:25.026204,,,,,,,,,,,,,,,,128.09,128.1,128.11,128.12,128.13,25,127,57,85,116,5384,7,12,13,19,15,730,128.08,128.07,128.06,128.05,128.04,23,55,43,226,142,5128,12,14,17,16,16,628
167R9,quote,150823,15:08:25.028199,,,,,,,,,,,,,,,,128.09,128.1,128.11,128.12,128.13,24,127,57,85,116,5383,6,12,13,19,15,729,128.08,128.07,128.06,128.05,128.04,23,55,43,226,142,5128,12,14,17,16,16,628
167R9,quote,150823,15:08:25.029221,,,,,,,,,,,,,,,,128.09,128.1,128.11,128.12,128.13,24,127,57,85,116,5383,6,12,13,19,15,729,128.08,128.07,128.06,128.05,128.04,24,55,43,226,142,5129,13,14,17,16,16,629
167R9,quote,150823,15:08:25.029221,,,,,,,,,,,,,,,,128.09,128.1,128.11,128.12,128.13,24,127,57,85,116,5383,6,12,13,19,15,729,128.08,128.07,128.06,128.05,128.04,26,55,43,226,142,5131,14,14,17,16,16,630
167R9,quote,150823,15:08:25.030193,,,,,,,,,,,,,,,,128.09,128.1,128.11,128.12,128.13,19,127,57,85,116,5378,5,12,13,19,15,728,128.08,128.07,128.06,128.05,128.04,26,55,43,226,142,5131,14,14,17,16,16,630
167R9,quote,150823,15:08:25.031215,,,,,,,,,,,,,,,,128.09,128.1,128.11,128.12,128.13,19,127,57,85,116,5378,5,12,13,19,15,728,128.08,128.07,128.06,128.05,128.04,26,55,43,234,142,5139,14,14,17,17,16,631
167R9,quote,150823,15:08:25.050245,,,,,,,,,,,,,,,,128.09,128.1,128.11,128.12,128.13,19,127,57,86,116,5379,5,12,13,20,15,729,128.08,128.07,128.06,128.05,128.04,26,55,43,234,142,5139,14,14,17,17,16,631
167R9,quote,150825,15:08:26.299074,,,,,,,,,,,,,,,,128.09,128.1,128.11,128.12,128.13,21,127,57,86,116,5381,6,12,13,20,15,730,128.08,128.07,128.06,128.05,128.04,26,55,43,234,142,5139,14,14,17,17,16,631
167R9,quote,150825,15:08:26.361634,,,,,,,,,,,,,,,,128.09,128.1,128.11,128.12,128.13,22,127,57,86,116,5382,7,12,13,20,15,731,128.08,128.07,128.06,128.05,128.04,26,55,43,234,142,5139,14,14,17,17,16,631
167R9,trade,150825,15:08:26.362632,128.08,128.44,128.45,127.99,128.09,128.07,22,55,-0.36,45831,45831,22249,23582,2,2,,,,,,,,,,,,,,,,,,,,,,,,,,,,,,,,,,
167R9,quote,150825,15:08:26.362632,,,,,,,,,,,,,,,,128.09,128.1,128.11,128.12,128.13,22,127,57,86,116,5382,7,12,13,20,15,731,128.07,128.06,128.05,128.04,128.03,55,43,234,142,168,5113,14,17,17,16,13,617
167R9,quote,150825,15:08:26.363630,,,,,,,,,,,,,,,,128.09,128.1,128.11,128.12,128.13,22,127,57,86,116,5382,7,12,13,20,15,731,128.07,128.06,128.05,128.04,128.03,55,43,234,142,168,5113,14,17,17,16,13,617
167R9,quote,150825,15:08:26.364627,,,,,,,,,,,,,,,,128.09,128.1,128.11,128.12,128.13,24,127,57,86,116,5384,8,12,13,20,15,732,128.07,128.06,128.05,128.04,128.03,55,43,234,142,168,5113,14,17,17,16,13,617
167R9,quote,150825,15:08:26.364627,,,,,,,,,,,,,,,,128.09,128.1,128.11,128.12,128.13,29,127,57,86,116,5389,9,12,13,20,15,733,128.07,128.06,128.05,128.04,128.03,55,43,234,142,168,5113,14,17,17,16,13,617
167R9,quote,150825,15:08:26.365624,,,,,,,,,,,,,,,,128.09,128.1,128.11,128.12,128.13,29,127,57,86,116,5389,9,12,13,20,15,733,128.07,128.06,128.05,128.04,128.03,55,43,234,142,192,5137,14,17,17,16,14,618
167R9,quote,150825,15:08:26.555167,,,,,,,,,,,,,,,,128.09,128.1,128.11,128.12,128.13,29,127,57,86,116,5389,9,12,13,20,15,733,128.07,128.06,128.05,128.04,128.03,52,43,234,142,192,5134,13,17,17,16,14,617
167R9,quote,150825,15:08:26.566091,,,,,,,,,,,,,,,,128.08,128.09,128.1,128.11,128.12,3,29,127,57,86,5392,1,9,12,13,20,734,128.07,128.06,128.05,128.04,128.03,52,43,234,142,192,5134,13,17,17,16,14,617
167R9,quote,150825,15:08:26.569119,,,,,,,,,,,,,,,,128.08,128.09,128.1,128.11,128.12,4,29,127,57,86,5393,2,9,12,13,20,735,128.07,128.06,128.05,128.04,128.03,52,43,234,142,192,5134,13,17,17,16,14,617
167R9,quote,150825,15:08:26.571110,,,,,,,,,,,,,,,,128.08,128.09,128.1,128.11,128.12,15,29,127,57,86,5404,3,9,12,13,20,736,128.07,128.06,128.05,128.04,128.03,52,43,234,142,192,5134,13,17,17,16,14,617
167R9,quote,150825,15:08:26.573070,,,,,,,,,,,,,,,,128.08,128.09,128.1,128.11,128.12,16,29,127,57,86,5405,4,9,12,13,20,737,128.07,128.06,128.05,128.04,128.03,52,43,234,142,192,5134,13,17,17,16,14,617
167R9,quote,150825,15:08:26.611250,,,,,,,,,,,,,,,,128.08,128.09,128.1,128.11,128.12,20,29,127,57,86,5409,5,9,12,13,20,738,128.07,128.06,128.05,128.04,128.03,52,43,234,142,192,5134,13,17,17,16,14,617
167R9,quote,150825,15:08:26.611995,,,,,,,,,,,,,,,,128.08,128.09,128.1,128.11,128.12,20,29,127,57,86,5409,5,9,12,13,20,738,128.07,128.06,128.05,128.04,128.03,41,43,234,142,192,5123,12,17,17,16,14,616
167R9,quote,150825,15:08:26.613960,,,,,,,,,,,,,,,,128.08,128.09,128.1,128.11,128.12,20,29,127,57,86,5409,5,9,12,13,20,738,128.07,128.06,128.05,128.04,128.03,33,43,234,142,192,5115,11,17,17,16,14,615
167R9,quote,150825,15:08:26.614984,,,,,,,,,,,,,,,,128.08,128.09,128.1,128.11,128.12,25,29,127,57,86,5414,6,9,12,13,20,739,128.07,128.06,128.05,128.04,128.03,33,43,234,142,192,5115,11,17,17,16,14,615
167R9,quote,150825,15:08:26.614984,,,,,,,,,,,,,,,,128.08,128.09,128.1,128.11,128.12,25,29,127,57,86,5414,6,9,12,13,20,739,128.07,128.06,128.05,128.04,128.03,33,43,234,134,192,5107,11,17,17,15,14,614
167R9,quote,150825,15:08:26.615955,,,,,,,,,,,,,,,,128.08,128.09,128.1,128.11,128.12,25,29,127,57,86,5414,6,9,12,13,20,739,128.07,128.06,128.05,128.04,128.03,33,51,234,134,192,5115,11,18,17,15,14,615
167R9,quote,150825,15:08:27.050798,,,,,,,,,,,,,,,,128.08,128.09,128.1,128.11,128.12,25,34,127,57,86,5419,6,10,12,13,20,740,128.07,128.06,128.05,128.04,128.03,33,51,234,134,192,5115,11,18,17,15,14,615
167R9,quote,150826,15:08:28.111958,,,,,,,,,,,,,,,,128.08,128.09,128.1,128.11,128.12,26,34,127,57,86,5420,7,10,12,13,20,741,128.07,128.06,128.05,128.04,128.03,33,51,234,134,192,5115,11,18,17,15,14,615
167R9,quote,150826,15:08:28.173840,,,,,,,,,,,,,,,,128.08,128.09,128.1,128.11,128.12,27,34,127,57,86,5421,8,10,12,13,20,742,128.07,128.06,128.05,128.04,128.03,33,51,234,134,192,5115,11,18,17,15,14,615
167R9,quote,150826,15:08:28.174789,,,,,,,,,,,,,,,,128.08,128.09,128.1,128.11,128.12,27,34,127,57,86,5421,8,10,12,13,20,742,128.07,128.06,128.05,128.04,128.03,32,51,234,134,192,5114,10,18,17,15,14,614
167R9,quote,150826,15:08:28.174789,,,,,,,,,,,,,,,,128.08,128.09,128.1,128.11,128.12,28,34,127,57,86,5422,9,10,12,13,20,743,128.07,128.06,128.05,128.04,128.03,32,51,234,134,192,5114,10,18,17,15,14,614
167R9,quote,150826,15:08:28.175786,,,,,,,,,,,,,,,,128.08,128.09,128.1,128.11,128.12,28,34,127,57,86,5422,9,10,12,13,20,743,128.07,128.06,128.05,128.04,128.03,32,50,234,134,192,5113,10,17,17,15,14,613
167R9,quote,150827,15:08:29.174223,,,,,,,,,,,,,,,,128.08,128.09,128.1,128.11,128.12,28,34,127,57,78,5414,9,10,12,13,19,742,128.07,128.06,128.05,128.04,128.03,32,50,234,134,192,5113,10,17,17,15,14,613
167R9,quote,150827,15:08:29.236955,,,,,,,,,,,,,,,,128.08,128.09,128.1,128.11,128.12,28,34,127,57,78,5414,9,10,12,13,19,742,128.07,128.06,128.05,128.04,128.03,32,50,234,142,192,5121,10,17,17,16,14,614
167R9,quote,150829,15:08:30.361942,,,,,,,,,,,,,,,,128.08,128.09,128.1,128.11,128.12,28,34,127,52,78,5409,9,10,12,12,19,741,128.07,128.06,128.05,128.04,128.03,32,50,234,142,192,5121,10,17,17,16,14,614
167R9,quote,150829,15:08:30.423814,,,,,,,,,,,,,,,,128.08,128.09,128.1,128.11,128.12,28,34,127,52,78,5409,9,10,12,12,19,741,128.07,128.06,128.05,128.04,128.03,32,50,234,142,200,5129,10,17,17,16,15,615
167R9,quote,150829,15:08:30.425774,,,,,,,,,,,,,,,,128.08,128.09,128.1,128.11,128.12,28,34,127,52,77,5408,9,10,12,12,18,740,128.07,128.06,128.05,128.04,128.03,32,50,234,142,200,5129,10,17,17,16,15,615
167R9,quote,150829,15:08:30.863602,,,,,,,,,,,,,,,,128.08,128.09,128.1,128.11,128.12,28,34,127,52,77,5408,9,10,12,12,18,740,128.07,128.06,128.05,128.04,128.03,32,50,234,142,180,5109,10,17,17,16,14,614
167R9,quote,150829,15:08:31.176770,,,,,,,,,,,,,,,,128.08,128.09,128.1,128.11,128.12,28,34,127,52,77,5408,9,10,12,12,18,740,128.07,128.06,128.05,128.04,128.03,32,51,234,142,180,5110,10,18,17,16,14,615
167R9,quote,150830,15:08:31.424103,,,,,,,,,,,,,,,,128.08,128.09,128.1,128.11,128.12,27,34,127,52,77,5407,8,10,12,12,18,739,128.07,128.06,128.05,128.04,128.03,32,51,234,142,180,5110,10,18,17,16,14,615
167R9,quote,150830,15:08:31.425100,,,,,,,,,,,,,,,,128.08,128.09,128.1,128.11,128.12,26,34,127,52,77,5406,7,10,12,12,18,738,128.07,128.06,128.05,128.04,128.03,32,51,234,142,180,5110,10,18,17,16,14,615
167R9,quote,150830,15:08:31.425100,,,,,,,,,,,,,,,,128.08,128.09,128.1,128.11,128.12,25,34,127,52,77,5405,6,10,12,12,18,737,128.07,128.06,128.05,128.04,128.03,32,51,234,142,180,5110,10,18,17,16,14,615
167R9,quote,150830,15:08:31.426098,,,,,,,,,,,,,,,,128.08,128.09,128.1,128.11,128.12,20,34,127,52,77,5400,5,10,12,12,18,736,128.07,128.06,128.05,128.04,128.03,32,51,234,142,180,5110,10,18,17,16,14,615
167R9,quote,150830,15:08:31.487962,,,,,,,,,,,,,,,,128.08,128.09,128.1,128.11,128.12,20,34,127,52,77,5400,5,10,12,12,18,736,128.07,128.06,128.05,128.04,128.03,32,51,234,150,180,5118,10,18,17,17,14,616
167R9,quote,150830,15:08:31.551797,,,,,,,,,,,,,,,,128.08,128.09,128.1,128.11,128.12,20,34,127,52,77,5400,5,10,12,12,18,736,128.07,128.06,128.05,128.04,128.03,32,51,234,150,180,5118,10,18,17,17,14,616
167R9,quote,150830,15:08:31.986602,,,,,,,,,,,,,,,,128.08,128.09,128.1,128.11,128.12,20,29,127,52,77,5395,5,9,12,12,18,735,128.07,128.06,128.05,128.04,128.03,32,51,234,150,180,5118,10,18,17,17,14,616
167R9,quote,150830,15:08:32.049435,,,,,,,,,,,,,,,,128.08,128.09,128.1,128.11,128.12,20,29,127,52,77,5395,5,9,12,12,18,735,128.07,128.06,128.05,128.04,128.03,32,50,234,150,180,5117,10,17,17,17,14,615
167R9,quote,150831,15:08:32.362670,,,,,,,,,,,,,,,,128.08,128.09,128.1,128.11,128.12,20,29,127,52,77,5390,5,9,12,12,18,734,128.07,128.06,128.05,128.04,128.03,32,50,234,150,180,5117,10,17,17,17,14,615
