code,trade_quote,time,time_actual,trade_price,open,high,low,ask_price_trade,bid_price_trade,ask_amount_trade,bid_amount_trade,change,volume,acc_volume,acc_buy_volume,acc_sell_volume,trade_buy_sell,trade_incoming_option,ask_price_1,ask_price_2,ask_price_3,ask_price_4,ask_price_5,ask_amount_1,ask_amount_2,ask_amount_3,ask_amount_4,ask_amount_5,ask_amount_total,ask_count_1,ask_count_2,ask_count_3,ask_count_4,ask_count_5,ask_count_total,bid_price_1,bid_price_2,bid_price_3,bid_price_4,bid_price_5,bid_amount_1,bid_amount_2,bid_amount_3,bid_amount_4,bid_amount_5,bid_amount_total,bid_count_1,bid_count_2,bid_count_3,bid_count_4,bid_count_5,bid_count_total
165R9,quote,150738,15:07:39.363253,,,,,,,,,,,,,,,,110.21,110.22,110.23,110.24,110.25,1194,1448,2661,2748,2838,23363,41,45,39,46,36,333,110.2,110.19,110.18,110.17,110.16,548,1013,2564,2725,2087,33539,11,26,28,46,38,415
165R9,quote,150740,15:07:41.423744,,,,,,,,,,,,,,,,110.21,110.22,110.23,110.24,110.25,1194,1448,2661,2748,2838,23363,41,45,39,46,36,333,110.2,110.19,110.18,110.17,110.16,548,1013,2564,2725,2087,33539,11,26,28,46,38,415
165R9,quote,150740,15:07:41.424742,,,,,,,,,,,,,,,,110.21,110.22,110.23,110.24,110.25,1194,1448,2661,2748,2838,23363,41,45,39,46,36,333,110.2,110.19,110.18,110.17,110.16,548,1013,2564,2725,2087,33539,11,26,28,46,38,415
165R9,quote,150740,15:07:41.425740,,,,,,,,,,,,,,,,110.21,110.22,110.23,110.24,110.25,1194,1448,2661,2748,2838,23363,41,45,39,46,36,333,110.2,110.19,110.18,110.17,110.16,548,1013,2564,2725,2087,33539,11,26,28,46,38,415
165R9,quote,150740,15:07:41.425740,,,,,,,,,,,,,,,,110.21,110.22,110.23,110.24,110.25,1194,1448,2661,2748,2838,23363,41,45,39,46,36,333,110.2,110.19,110.18,110.17,110.16,548,1013,2564,2725,2087,33539,11,26,28,46,38,415
165R9,quote,150740,15:07:41.613239,,,,,,,,,,,,,,,,110.21,110.22,110.23,110.24,110.25,1194,1448,2661,2748,2838,23363,41,45,39,46,36,333,110.2,110.19,110.18,110.17,110.16,548,1013,2564,2725,2087,33539,11,26,28,46,38,415
165R9,quote,150740,15:07:41.677173,,,,,,,,,,,,,,,,110.21,110.22,110.23,110.24,110.25,1194,1448,2661,2748,2838,23363,41,45,39,46,36,333,110.2,110.19,110.18,110.17,110.16,548,1013,2564,2725,2087,33539,11,26,28,46,38,415
165R9,quote,150741,15:07:42.305424,,,,,,,,,,,,,,,,110.21,110.22,110.23,110.24,110.25,1195,1448,2661,2748,2838,23364,42,45,39,46,36,334,110.2,110.19,110.18,110.17,110.16,548,1013,2564,2725,2087,33539,11,26,28,46,38,415
165R9,quote,150741,15:07:42.363233,,,,,,,,,,,,,,,,110.21,110.22,110.23,110.24,110.25,1188,1448,2661,2748,2838,23357,41,45,39,46,36,333,110.2,110.19,110.18,110.17,110.16,548,1013,2564,2725,2087,33539,11,26,28,46,38,415
165R9,quote,150741,15:07:42.364231,,,,,,,,,,,,,,,,110.21,110.22,110.23,110.24,110.25,1190,1448,2661,2748,2838,23359,42,45,39,46,36,334,110.2,110.19,110.18,110.17,110.16,548,1013,2564,2725,2087,33539,11,26,28,46,38,415
165R9,quote,150745,15:07:46.362546,,,,,,,,,,,,,,,,110.21,110.22,110.23,110.24,110.25,1190,1448,2661,2748,2838,23359,42,45,39,46,36,334,110.2,110.19,110.18,110.17,110.16,548,1013,2564,2725,2087,33539,11,26,28,46,38,415
165R9,quote,150745,15:07:46.423677,,,,,,,,,,,,,,,,110.21,110.22,110.23,110.24,110.25,1190,1448,2661,2748,2838,23359,42,45,39,46,36,334,110.2,110.19,110.18,110.17,110.16,548,1013,2564,2725,2087,33539,11,26,28,46,38,415
165R9,quote,150745,15:07:46.424411,,,,,,,,,,,,,,,,110.21,110.22,110.23,110.24,110.25,1190,1448,2661,2748,2838,23359,42,45,39,46,36,334,110.2,110.19,110.18,110.17,110.16,548,1013,2564,2725,2087,33539,11,26,28,46,38,415
165R9,quote,150745,15:07:46.613138,,,,,,,,,,,,,,,,110.21,110.22,110.23,110.24,110.25,1190,1448,2661,2748,2838,23359,42,45,39,46,36,334,110.2,110.19,110.18,110.17,110.16,548,1013,2564,2725,2087,33539,11,26,28,46,38,415
165R9,quote,150748,15:07:49.361596,,,,,,,,,,,,,,,,110.21,110.22,110.23,110.24,110.25,1190,1448,2661,2748,2838,23359,42,45,39,46,36,334,110.2,110.19,110.18,110.17,110.16,548,1013,2564,2725,2087,33539,11,26,28,46,38,415
165R9,quote,150748,15:07:49.427356,,,,,,,,,,,,,,,,110.21,110.22,110.23,110.24,110.25,1191,1448,2661,2748,2838,23360,43,45,39,46,36,335,110.2,110.19,110.18,110.17,110.16,548,1013,2564,2725,2087,33539,11,26,28,46,38,415
165R9,quote,150748,15:07:50.238188,,,,,,,,,,,,,,,,110.21,110.22,110.23,110.24,110.25,1191,1448,2661,2748,2838,23360,43,45,39,46,36,335,110.2,110.19,110.18,110.17,110.16,548,1013,2564,2725,2087,33539,11,26,28,46,38,415
165R9,quote,150750,15:07:51.428012,,,,,,,,,,,,,,,,110.21,110.22,110.23,110.24,110.25,1191,1448,2661,2748,2838,23360,43,45,39,46,36,335,110.2,110.19,110.18,110.17,110.16,548,1013,2564,2725,2087,33539,11,26,28,46,38,415
165R9,quote,150750,15:07:51.430999,,,,,,,,,,,,,,,,110.21,110.22,110.23,110.24,110.25,1191,1448,2661,2748,2838,23360,43,45,39,46,36,335,110.2,110.19,110.18,110.17,110.16,548,1013,2564,2725,2087,33539,11,26,28,46,38,415
165R9,quote,150750,15:07:51.433990,,,,,,,,,,,,,,,,110.21,110.22,110.23,110.24,110.25,1191,1448,2661,2748,2838,23360,43,45,39,46,36,335,110.2,110.19,110.18,110.17,110.16,548,1013,2564,2725,2087,33539,11,26,28,46,38,415
165R9,quote,150753,15:07:54.423998,,,,,,,,,,,,,,,,110.21,110.22,110.23,110.24,110.25,1191,1448,2661,2748,2838,23360,43,45,39,46,36,335,110.2,110.19,110.18,110.17,110.16,549,1013,2564,2725,2087,33540,12,26,28,46,38,416
165R9,quote,150755,15:07:56.363814,,,,,,,,,,,,,,,,110.21,110.22,110.23,110.24,110.25,1191,1448,2661,2748,2838,23360,43,45,39,46,36,335,110.2,110.19,110.18,110.17,110.16,549,1013,2564,2725,2087,33540,12,26,28,46,38,416
165R9,quote,150755,15:07:56.423659,,,,,,,,,,,,,,,,110.21,110.22,110.23,110.24,110.25,1191,1448,2661,2748,2838,23360,43,45,39,46,36,335,110.2,110.19,110.18,110.17,110.16,549,1013,2564,2725,2087,33540,12,26,28,46,38,416
165R9,quote,150755,15:07:56.426682,,,,,,,,,,,,,,,,110.21,110.22,110.23,110.24,110.25,1191,1448,2661,2748,2838,23360,43,45,39,46,36,335,110.2,110.19,110.18,110.17,110.16,549,1013,2564,2725,2087,33540,12,26,28,46,38,416
165R9,quote,150757,15:07:59.110471,,,,,,,,,,,,,,,,110.21,110.22,110.23,110.24,110.25,1191,1448,2661,2748,2838,23360,43,45,39,46,36,335,110.2,110.19,110.18,110.17,110.16,549,1013,2564,2725,2087,33540,12,26,28,46,38,416
165R9,quote,150800,15:08:01.305605,,,,,,,,,,,,,,,,110.21,110.22,110.23,110.24,110.25,1191,1448,2661,2748,2838,23360,43,45,39,46,36,335,110.2,110.19,110.18,110.17,110.16,549,1013,2564,2725,2087,33540,12,26,28,46,38,416
165R9,quote,150800,15:08:01.427279,,,,,,,,,,,,,,,,110.21,110.22,110.23,110.24,110.25,1191,1448,2661,2748,2838,23360,43,45,39,46,36,335,110.2,110.19,110.18,110.17,110.16,549,1013,2564,2725,2087,33540,12,26,28,46,38,416
165R9,quote,150800,15:08:01.428276,,,,,,,,,,,,,,,,110.21,110.22,110.23,110.24,110.25,1191,1448,2661,2748,2838,23360,43,45,39,46,36,335,110.2,110.19,110.18,110.17,110.16,549,1013,2564,2725,2087,33540,12,26,28,46,38,416
165R9,quote,150800,15:08:01.428276,,,,,,,,,,,,,,,,110.21,110.22,110.23,110.24,110.25,1191,1448,2661,2748,2838,23360,43,45,39,46,36,335,110.2,110.19,110.18,110.17,110.16,549,1013,2564,2725,2087,33540,12,26,28,46,38,416
165R9,quote,150803,15:08:04.985768,,,,,,,,,,,,,,,,110.21,110.22,110.23,110.24,110.25,1191,1448,2661,2748,2838,23360,43,45,39,46,36,335,110.2,110.19,110.18,110.17,110.16,567,1013,2564,2725,2087,33558,13,26,28,46,38,417
165R9,quote,150803,15:08:04.986765,,,,,,,,,,,,,,,,110.21,110.22,110.23,110.24,110.25,1191,1448,2661,2748,2838,23360,43,45,39,46,36,335,110.2,110.19,110.18,110.17,110.16,584,1013,2564,2725,2087,33575,14,26,28,46,38,418
165R9,quote,150803,15:08:04.987763,,,,,,,,,,,,,,,,110.21,110.22,110.23,110.24,110.25,1191,1448,2661,2748,2838,23360,43,45,39,46,36,335,110.2,110.19,110.18,110.17,110.16,603,1013,2564,2725,2087,33594,15,26,28,46,38,419
165R9,quote,150803,15:08:04.987763,,,,,,,,,,,,,,,,110.21,110.22,110.23,110.24,110.25,1191,1448,2661,2748,2838,23360,43,45,39,46,36,335,110.2,110.19,110.18,110.17,110.16,628,1013,2564,2725,2087,33619,16,26,28,46,38,420
165R9,quote,150805,15:08:06.360192,,,,,,,,,,,,,,,,110.21,110.22,110.23,110.24,110.25,1191,1448,2661,2748,2838,23360,43,45,39,46,36,335,110.2,110.19,110.18,110.17,110.16,628,1013,2564,2725,2087,33619,16,26,28,46,38,420
165R9,trade,150807,15:08:08.362748,110.2,110.23,110.24,110.15,110.21,110.2,1191,626,-0.05,125644,125644,63478,62166,2,2,,,,,,,,,,,,,,,,,,,,,,,,,,,,,,,,,,
165R9,quote,150805,15:08:08.364777,,,,,,,,,,,,,,,,110.21,110.22,110.23,110.24,110.25,1191,1448,2661,2748,2838,23360,43,45,39,46,36,335,110.2,110.19,110.18,110.17,110.16,626,1013,2564,2725,2087,33617,16,26,28,46,38,420
165R9,quote,150807,15:08:08.367731,,,,,,,,,,,,,,,,110.21,110.22,110.23,110.24,110.25,1191,1448,2661,2748,2838,23360,43,45,39,46,36,335,110.2,110.19,110.18,110.17,110.16,608,1013,2564,2725,2087,33599,15,26,28,46,38,419
165R9,quote,150807,15:08:08.368735,,,,,,,,,,,,,,,,110.21,110.22,110.23,110.24,110.25,1191,1448,2661,2748,2838,23360,43,45,39,46,36,335,110.2,110.19,110.18,110.17,110.16,583,1013,2564,2725,2087,33574,14,26,28,46,38,418
165R9,quote,150807,15:08:08.369723,,,,,,,,,,,,,,,,110.21,110.22,110.23,110.24,110.25,1191,1448,2661,2748,2838,23360,43,45,39,46,36,335,110.2,110.19,110.18,110.17,110.16,566,1013,2564,2725,2087,33557,13,26,28,46,38,417
165R9,quote,150807,15:08:08.369723,,,,,,,,,,,,,,,,110.21,110.22,110.23,110.24,110.25,1191,1448,2661,2748,2838,23360,43,45,39,46,36,335,110.2,110.19,110.18,110.17,110.16,547,1013,2564,2725,2087,33538,12,26,28,46,38,416
165R9,quote,150808,15:08:09.987678,,,,,,,,,,,,,,,,110.21,110.22,110.23,110.24,110.25,1191,1448,2661,2748,2838,23360,43,45,39,46,36,335,110.2,110.19,110.18,110.17,110.16,547,1013,2564,2725,2087,33538,12,26,28,46,38,416
165R9,quote,150808,15:08:09.988423,,,,,,,,,,,,,,,,110.21,110.22,110.23,110.24,110.25,1191,1448,2661,2748,2838,23360,43,45,39,46,36,335,110.2,110.19,110.18,110.17,110.16,547,1013,2564,2725,2087,33538,12,26,28,46,38,416
165R9,trade,150809,15:08:10.360402,110.2,110.23,110.24,110.15,110.21,110.2,1191,512,-0.05,125679,125679,63478,62201,2,2,,,,,,,,,,,,,,,,,,,,,,,,,,,,,,,,,,
165R9,quote,150808,15:08:10.423265,,,,,,,,,,,,,,,,110.21,110.22,110.23,110.24,110.25,1191,1448,2661,2748,2838,23360,43,45,39,46,36,335,110.2,110.19,110.18,110.17,110.16,512,1013,2564,2725,2087,33503,12,26,28,46,38,416
165R9,quote,150810,15:08:11.360801,,,,,,,,,,,,,,,,110.21,110.22,110.23,110.24,110.25,1191,1448,2661,2748,2838,23360,43,45,39,46,36,335,110.2,110.19,110.18,110.17,110.16,512,1013,2564,2725,2087,33503,12,26,28,46,38,416
165R9,quote,150813,15:08:14.988046,,,,,,,,,,,,,,,,110.21,110.22,110.23,110.24,110.25,1191,1448,2661,2748,2838,23360,43,45,39,46,36,335,110.2,110.19,110.18,110.17,110.16,512,1013,2564,2725,2087,33503,12,26,28,46,38,416
165R9,quote,150813,15:08:14.991070,,,,,,,,,,,,,,,,110.21,110.22,110.23,110.24,110.25,1191,1448,2661,2748,2838,23360,43,45,39,46,36,335,110.2,110.19,110.18,110.17,110.16,512,1013,2564,2725,2087,33503,12,26,28,46,38,416
165R9,trade,150813,15:08:15.235471,110.2,110.23,110.24,110.15,110.21,110.2,1191,332,-0.05,125859,125859,63478,62381,2,2,,,,,,,,,,,,,,,,,,,,,,,,,,,,,,,,,,
165R9,quote,150813,15:08:15.236371,,,,,,,,,,,,,,,,110.21,110.22,110.23,110.24,110.25,1191,1448,2661,2748,2838,23360,43,45,39,46,36,335,110.2,110.19,110.18,110.17,110.16,332,1013,2564,2725,2087,33323,10,26,28,46,38,414
165R9,trade,150813,15:08:15.237368,110.2,110.23,110.24,110.15,110.21,110.2,1191,173,-0.05,126018,126018,63478,62540,2,2,,,,,,,,,,,,,,,,,,,,,,,,,,,,,,,,,,
165R9,quote,150813,15:08:15.238364,,,,,,,,,,,,,,,,110.21,110.22,110.23,110.24,110.25,1191,1448,2661,2748,2838,23360,43,45,39,46,36,335,110.2,110.19,110.18,110.17,110.16,173,1013,2564,2725,2087,33164,8,26,28,46,38,412
165R9,trade,150813,15:08:15.239362,110.2,110.23,110.24,110.15,110.21,110.2,1191,165,-0.05,126026,126026,63478,62548,2,2,,,,,,,,,,,,,,,,,,,,,,,,,,,,,,,,,,
165R9,quote,150813,15:08:15.240359,,,,,,,,,,,,,,,,110.21,110.22,110.23,110.24,110.25,1191,1448,2661,2748,2838,23360,43,45,39,46,36,335,110.2,110.19,110.18,110.17,110.16,165,1013,2564,2725,2087,33156,8,26,28,46,38,412
165R9,trade,150813,15:08:15.241357,110.2,110.23,110.24,110.15,110.21,110.2,1191,143,-0.05,126048,126048,63478,62570,2,2,,,,,,,,,,,,,,,,,,,,,,,,,,,,,,,,,,
165R9,quote,150813,15:08:15.242355,,,,,,,,,,,,,,,,110.21,110.22,110.23,110.24,110.25,1191,1448,2661,2748,2838,23360,43,45,39,46,36,335,110.2,110.19,110.18,110.17,110.16,143,1013,2564,2725,2087,33134,8,26,28,46,38,412
165R9,quote,150813,15:08:15.243372,,,,,,,,,,,,,,,,110.21,110.22,110.23,110.24,110.25,1233,1448,2661,2748,2838,23402,44,45,39,46,36,336,110.2,110.19,110.18,110.17,110.16,143,1013,2564,2725,2087,33134,8,26,28,46,38,412
165R9,trade,150813,15:08:15.244349,110.2,110.23,110.24,110.15,110.21,110.2,1233,142,-0.05,126049,126049,63478,62571,2,2,,,,,,,,,,,,,,,,,,,,,,,,,,,,,,,,,,
165R9,quote,150813,15:08:15.244349,,,,,,,,,,,,,,,,110.21,110.22,110.23,110.24,110.25,1233,1448,2661,2748,2838,23402,44,45,39,46,36,336,110.2,110.19,110.18,110.17,110.16,142,1013,2564,2725,2087,33133,8,26,28,46,38,412
165R9,trade,150813,15:08:15.245346,110.2,110.23,110.24,110.15,110.21,110.2,1233,106,-0.05,126085,126085,63478,62607,2,2,,,,,,,,,,,,,,,,,,,,,,,,,,,,,,,,,,
165R9,quote,150813,15:08:15.246365,,,,,,,,,,,,,,,,110.21,110.22,110.23,110.24,110.25,1233,1448,2661,2748,2838,23402,44,45,39,46,36,336,110.2,110.19,110.18,110.17,110.16,106,1013,2564,2725,2087,33097,8,26,28,46,38,412
165R9,trade,150813,15:08:15.246365,110.2,110.23,110.24,110.15,110.21,110.2,1233,106,-0.05,126191,126191,63478,62713,2,1,,,,,,,,,,,,,,,,,,,,,,,,,,,,,,,,,,
165R9,quote,150813,15:08:15.247341,,,,,,,,,,,,,,,,110.21,110.22,110.23,110.24,110.25,1233,1448,2661,2748,2838,23402,44,45,39,46,36,336,110.19,110.18,110.17,110.16,110.15,1013,2564,2725,2087,2202,32991,26,28,46,38,61,404
165R9,quote,150813,15:08:15.247341,,,,,,,,,,,,,,,,110.2,110.21,110.22,110.23,110.24,10,1233,1448,2661,2748,23412,1,44,45,39,46,337,110.19,110.18,110.17,110.16,110.15,1013,2564,2725,2087,2202,32991,26,28,46,38,61,404
165R9,quote,150813,15:08:15.249365,,,,,,,,,,,,,,,,110.2,110.21,110.22,110.23,110.24,10,1233,1448,2661,2748,23412,1,44,45,39,46,337,110.19,110.18,110.17,110.16,110.15,1013,2564,2725,2087,2202,32991,26,28,46,38,61,404
165R9,quote,150813,15:08:15.249365,,,,,,,,,,,,,,,,110.2,110.21,110.22,110.23,110.24,10,1233,1448,2661,2748,23412,1,44,45,39,46,337,110.19,110.18,110.17,110.16,110.15,1013,2564,2725,2087,2202,32991,26,28,46,38,61,404
165R9,quote,150813,15:08:15.250358,,,,,,,,,,,,,,,,110.2,110.21,110.22,110.23,110.24,20,1233,1448,2661,2748,23422,2,44,45,39,46,338,110.19,110.18,110.17,110.16,110.15,1013,2564,2725,2087,2202,32991,26,28,46,38,61,404
165R9,quote,150813,15:08:15.250358,,,,,,,,,,,,,,,,110.2,110.21,110.22,110.23,110.24,20,1231,1448,2661,2748,23420,2,43,45,39,46,337,110.19,110.18,110.17,110.16,110.15,1013,2564,2725,2087,2202,32991,26,28,46,38,61,404
165R9,quote,150813,15:08:15.299434,,,,,,,,,,,,,,,,110.2,110.21,110.22,110.23,110.24,20,1223,1448,2661,2748,23412,2,42,45,39,46,336,110.19,110.18,110.17,110.16,110.15,1013,2564,2725,2087,2202,32991,26,28,46,38,61,404
165R9,quote,150813,15:08:15.301197,,,,,,,,,,,,,,,,110.2,110.21,110.22,110.23,110.24,20,1214,1448,2661,2748,23403,2,41,45,39,46,335,110.19,110.18,110.17,110.16,110.15,1013,2564,2725,2087,2202,32991,26,28,46,38,61,404
165R9,quote,150813,15:08:15.302194,,,,,,,,,,,,,,,,110.2,110.21,110.22,110.23,110.24,20,1197,1448,2661,2748,23386,2,40,45,39,46,334,110.19,110.18,110.17,110.16,110.15,1013,2564,2725,2087,2202,32991,26,28,46,38,61,404
165R9,quote,150813,15:08:15.303192,,,,,,,,,,,,,,,,110.2,110.21,110.22,110.23,110.24,62,1197,1448,2661,2748,23428,3,40,45,39,46,335,110.19,110.18,110.17,110.16,110.15,1013,2564,2725,2087,2202,32991,26,28,46,38,61,404
165R9,quote,150813,15:08:15.304189,,,,,,,,,,,,,,,,110.2,110.21,110.22,110.23,110.24,52,1197,1448,2661,2748,23418,2,40,45,39,46,334,110.19,110.18,110.17,110.16,110.15,1013,2564,2725,2087,2202,32991,26,28,46,38,61,404
165R9,quote,150813,15:08:15.305186,,,,,,,,,,,,,,,,110.2,110.21,110.22,110.23,110.24,52,1199,1448,2661,2748,23420,2,41,45,39,46,335,110.19,110.18,110.17,110.16,110.15,1013,2564,2725,2087,2202,32991,26,28,46,38,61,404
165R9,quote,150813,15:08:15.310173,,,,,,,,,,,,,,,,110.2,110.21,110.22,110.23,110.24,52,1199,1448,2661,2748,23420,2,41,45,39,46,335,110.19,110.18,110.17,110.16,110.15,1011,2564,2725,2087,2202,32989,25,28,46,38,61,403
165R9,quote,150813,15:08:15.311170,,,,,,,,,,,,,,,,110.2,110.21,110.22,110.23,110.24,42,1199,1448,2661,2748,23410,1,41,45,39,46,334,110.19,110.18,110.17,110.16,110.15,1011,2564,2725,2087,2202,32989,25,28,46,38,61,403
165R9,quote,150813,15:08:15.312167,,,,,,,,,,,,,,,,110.21,110.22,110.23,110.24,110.25,1199,1448,2661,2748,2838,23368,41,45,39,46,36,333,110.19,110.18,110.17,110.16,110.15,1011,2564,2725,2087,2202,32989,25,28,46,38,61,403
165R9,quote,150814,15:08:15.315159,,,,,,,,,,,,,,,,110.2,110.21,110.22,110.23,110.24,42,1199,1448,2661,2748,23410,1,41,45,39,46,334,110.19,110.18,110.17,110.16,110.15,1011,2564,2725,2087,2202,32989,25,28,46,38,61,403
165R9,quote,150814,15:08:15.316157,,,,,,,,,,,,,,,,110.21,110.22,110.23,110.24,110.25,1199,1448,2661,2748,2838,23368,41,45,39,46,36,333,110.19,110.18,110.17,110.16,110.15,1011,2564,2725,2087,2202,32989,25,28,46,38,61,403
165R9,quote,150814,15:08:15.612365,,,,,,,,,,,,,,,,110.21,110.22,110.23,110.24,110.25,1199,1448,2661,2748,2838,23368,41,45,39,46,36,333,110.2,110.19,110.18,110.17,110.16,8,1011,2564,2725,2087,32997,1,25,28,46,38,404
165R9,quote,150814,15:08:15.676223,,,,,,,,,,,,,,,,110.21,110.22,110.23,110.24,110.25,1199,1448,2661,2748,2838,23368,41,45,39,46,36,333,110.2,110.19,110.18,110.17,110.16,17,1011,2564,2725,2087,33006,2,25,28,46,38,405
165R9,quote,150814,15:08:15.677192,,,,,,,,,,,,,,,,110.21,110.22,110.23,110.24,110.25,1199,1448,2661,2748,2838,23368,41,45,39,46,36,333,110.2,110.19,110.18,110.17,110.16,17,1013,2564,2725,2087,33008,2,26,28,46,38,406
165R9,quote,150814,15:08:15.678196,,,,,,,,,,,,,,,,110.21,110.22,110.23,110.24,110.25,1199,1448,2661,2748,2838,23368,41,45,39,46,36,333,110.2,110.19,110.18,110.17,110.16,95,1013,2564,2725,2087,33086,3,26,28,46,38,407
165R9,quote,150814,15:08:15.678196,,,,,,,,,,,,,,,,110.21,110.22,110.23,110.24,110.25,1199,1448,2661,2748,2838,23368,41,45,39,46,36,333,110.2,110.19,110.18,110.17,110.16,103,1013,2564,2725,2087,33094,4,26,28,46,38,408
165R9,quote,150814,15:08:15.679187,,,,,,,,,,,,,,,,110.21,110.22,110.23,110.24,110.25,1197,1448,2661,2748,2838,23366,40,45,39,46,36,332,110.2,110.19,110.18,110.17,110.16,103,1013,2564,2725,2087,33094,4,26,28,46,38,408
165R9,quote,150814,15:08:15.736034,,,,,,,,,,,,,,,,110.21,110.22,110.23,110.24,110.25,1197,1448,2661,2748,2838,23366,40,45,39,46,36,332,110.2,110.19,110.18,110.17,110.16,110,1013,2564,2725,2087,33101,5,26,28,46,38,409
165R9,quote,150814,15:08:16.121037,,,,,,,,,,,,,,,,110.21,110.22,110.23,110.24,110.25,1197,1448,2661,2748,2838,23366,40,45,39,46,36,332,110.2,110.19,110.18,110.17,110.16,154,1013,2564,2725,2087,33145,6,26,28,46,38,410
165R9,quote,150814,15:08:16.128985,,,,,,,,,,,,,,,,110.21,110.22,110.23,110.24,110.25,1197,1448,2661,2748,2838,23366,40,45,39,46,36,332,110.2,110.19,110.18,110.17,110.16,242,1013,2564,2725,2087,33233,7,26,28,46,38,411
165R9,quote,150815,15:08:16.737358,,,,,,,,,,,,,,,,110.21,110.22,110.23,110.24,110.25,1197,1448,2661,2748,2838,23366,40,45,39,46,36,332,110.2,110.19,110.18,110.17,110.16,235,1013,2564,2725,2087,33226,6,26,28,46,38,410
165R9,quote,150816,15:08:18.239387,,,,,,,,,,,,,,,,110.21,110.22,110.23,110.24,110.25,1197,1448,2661,2748,2838,23366,40,45,39,46,36,332,110.2,110.19,110.18,110.17,110.16,147,1013,2564,2725,2087,33138,5,26,28,46,38,409
165R9,quote,150817,15:08:18.301438,,,,,,,,,,,,,,,,110.21,110.22,110.23,110.24,110.25,1197,1448,2661,2748,2838,23366,40,45,39,46,36,332,110.2,110.19,110.18,110.17,110.16,147,1013,2564,2725,2087,33138,5,26,28,46,38,409
165R9,quote,150817,15:08:18.550540,,,,,,,,,,,,,,,,110.21,110.22,110.23,110.24,110.25,1197,1448,2661,2748,2838,23366,40,45,39,46,36,332,110.2,110.19,110.18,110.17,110.16,147,1013,2564,2725,2087,33138,5,26,28,46,38,409
165R9,quote,150817,15:08:18.610381,,,,,,,,,,,,,,,,110.21,110.22,110.23,110.24,110.25,1197,1448,2661,2748,2838,23366,40,45,39,46,36,332,110.2,110.19,110.18,110.17,110.16,147,1013,2564,2725,2087,33138,5,26,28,46,38,409
165R9,quote,150817,15:08:18.990366,,,,,,,,,,,,,,,,110.21,110.22,110.23,110.24,110.25,1197,1448,2661,2748,2838,23366,40,45,39,46,36,332,110.2,110.19,110.18,110.17,110.16,235,1013,2564,2725,2087,33226,6,26,28,46,38,410
165R9,quote,150818,15:08:19.987671,,,,,,,,,,,,,,,,110.21,110.22,110.23,110.24,110.25,1197,1448,2661,2748,2838,23366,40,45,39,46,36,332,110.2,110.19,110.18,110.17,110.16,235,1013,2564,2725,2087,33226,6,26,28,46,38,410
165R9,quote,150819,15:08:20.611006,,,,,,,,,,,,,,,,110.21,110.22,110.23,110.24,110.25,1197,1448,2661,2748,2838,23366,40,45,39,46,36,332,110.2,110.19,110.18,110.17,110.16,235,1013,2564,2725,2087,33226,6,26,28,46,38,410
165R9,quote,150819,15:08:20.673842,,,,,,,,,,,,,,,,110.21,110.22,110.23,110.24,110.25,1197,1448,2661,2748,2838,23366,40,45,39,46,36,332,110.2,110.19,110.18,110.17,110.16,235,1013,2564,2725,2087,33226,6,26,28,46,38,410
165R9,quote,150820,15:08:21.301266,,,,,,,,,,,,,,,,110.21,110.22,110.23,110.24,110.25,1197,1448,2661,2748,2838,23366,40,45,39,46,36,332,110.2,110.19,110.18,110.17,110.16,235,1013,2564,2725,2087,33226,6,26,28,46,38,410
165R9,quote,150820,15:08:21.801823,,,,,,,,,,,,,,,,110.21,110.22,110.23,110.24,110.25,1197,1448,2661,2748,2838,23366,40,45,39,46,36,332,110.2,110.19,110.18,110.17,110.16,147,1013,2564,2725,2087,33138,5,26,28,46,38,409
165R9,quote,150820,15:08:21.924496,,,,,,,,,,,,,,,,110.21,110.22,110.23,110.24,110.25,1201,1448,2661,2748,2838,23370,41,45,39,46,36,333,110.2,110.19,110.18,110.17,110.16,147,1013,2564,2725,2087,33138,5,26,28,46,38,409
165R9,quote,150821,15:08:22.497004,,,,,,,,,,,,,,,,110.21,110.22,110.23,110.24,110.25,1201,1448,2661,2748,2838,23370,41,45,39,46,36,333,110.2,110.19,110.18,110.17,110.16,157,1013,2564,2725,2087,33148,6,26,28,46,38,410
165R9,quote,150821,15:08:22.499999,,,,,,,,,,,,,,,,110.21,110.22,110.23,110.24,110.25,1201,1448,2661,2748,2838,23370,41,45,39,46,36,333,110.2,110.19,110.18,110.17,110.16,187,1013,2564,2725,2087,33178,7,26,28,46,38,411
165R9,quote,150821,15:08:22.501953,,,,,,,,,,,,,,,,110.21,110.22,110.23,110.24,110.25,1201,1448,2661,2748,2838,23370,41,45,39,46,36,333,110.2,110.19,110.18,110.17,110.16,192,1013,2564,2725,2087,33183,8,26,28,46,38,412
165R9,quote,150821,15:08:22.551062,,,,,,,,,,,,,,,,110.21,110.22,110.23,110.24,110.25,1201,1448,2661,2748,2838,23370,41,45,39,46,36,333,110.2,110.19,110.18,110.17,110.16,280,1013,2564,2725,2087,33271,9,26,28,46,38,413
165R9,quote,150821,15:08:22.555808,,,,,,,,,,,,,,,,110.21,110.22,110.23,110.24,110.25,1201,1448,2661,2748,2838,23370,41,45,39,46,36,333,110.2,110.19,110.18,110.17,110.16,192,1013,2564,2725,2087,33183,8,26,28,46,38,412
165R9,quote,150821,15:08:22.800258,,,,,,,,,,,,,,,,110.21,110.22,110.23,110.24,110.25,1201,1448,2661,2748,2838,23370,41,45,39,46,36,333,110.2,110.19,110.18,110.17,110.16,280,1013,2564,2725,2087,33271,9,26,28,46,38,413
165R9,quote,150822,15:08:23.299818,,,,,,,,,,,,,,,,110.21,110.22,110.23,110.24,110.25,1201,1448,2661,2748,2838,23370,41,45,39,46,36,333,110.2,110.19,110.18,110.17,110.16,280,1013,2564,2725,2087,33271,9,26,28,46,38,413
165R9,trade,150822,15:08:23.360743,110.2,110.23,110.24,110.15,110.21,110.2,1201,210,-0.05,126261,126261,63478,62783,2,2,,,,,,,,,,,,,,,,,,,,,,,,,,,,,,,,,,
165R9,quote,150822,15:08:23.361654,,,,,,,,,,,,,,,,110.21,110.22,110.23,110.24,110.25,1201,1448,2661,2748,2838,23370,41,45,39,46,36,333,110.2,110.19,110.18,110.17,110.16,210,1013,2564,2725,2087,33201,7,26,28,46,38,411
165R9,quote,150822,15:08:23.364646,,,,,,,,,,,,,,,,110.21,110.22,110.23,110.24,110.25,1201,1448,2661,2748,2838,23370,41,45,39,46,36,333,110.2,110.19,110.18,110.17,110.16,205,1013,2564,2725,2087,33196,6,26,28,46,38,410
165R9,quote,150822,15:08:23.366666,,,,,,,,,,,,,,,,110.21,110.22,110.23,110.24,110.25,1201,1448,2661,2748,2838,23370,41,45,39,46,36,333,110.2,110.19,110.18,110.17,110.16,258,1013,2564,2725,2087,33249,7,26,28,46,38,411
165R9,quote,150822,15:08:23.367666,,,,,,,,,,,,,,,,110.21,110.22,110.23,110.24,110.25,1201,1448,2661,2748,2838,23370,41,45,39,46,36,333,110.2,110.19,110.18,110.17,110.16,170,1013,2564,2725,2087,33161,6,26,28,46,38,410
165R9,quote,150822,15:08:23.367666,,,,,,,,,,,,,,,,110.21,110.22,110.23,110.24,110.25,1201,1448,2661,2748,2838,23370,41,45,39,46,36,333,110.2,110.19,110.18,110.17,110.16,177,1013,2564,2725,2087,33168,7,26,28,46,38,411
165R9,quote,150822,15:08:23.371653,,,,,,,,,,,,,,,,110.21,110.22,110.23,110.24,110.25,1201,1448,2661,2748,2838,23370,41,45,39,46,36,333,110.2,110.19,110.18,110.17,110.16,170,1013,2564,2725,2087,33161,6,26,28,46,38,410
165R9,quote,150822,15:08:23.372657,,,,,,,,,,,,,,,,110.21,110.22,110.23,110.24,110.25,1220,1448,2661,2748,2838,23389,42,45,39,46,36,334,110.2,110.19,110.18,110.17,110.16,170,1013,2564,2725,2087,33161,6,26,28,46,38,410
165R9,quote,150822,15:08:23.378634,,,,,,,,,,,,,,,,110.21,110.22,110.23,110.24,110.25,1220,1448,2661,2748,2838,23389,42,45,39,46,36,334,110.2,110.19,110.18,110.17,110.16,177,1013,2564,2725,2087,33168,7,26,28,46,38,411
165R9,quote,150822,15:08:23.382597,,,,,,,,,,,,,,,,110.21,110.22,110.23,110.24,110.25,1220,1448,2661,2748,2838,23389,42,45,39,46,36,334,110.2,110.19,110.18,110.17,110.16,170,1013,2564,2725,2087,33161,6,26,28,46,38,410
165R9,quote,150822,15:08:23.426742,,,,,,,,,,,,,,,,110.21,110.22,110.23,110.24,110.25,1227,1448,2661,2748,2838,23396,43,45,39,46,36,335,110.2,110.19,110.18,110.17,110.16,170,1013,2564,2725,2087,33161,6,26,28,46,38,410
165R9,quote,150822,15:08:23.430494,,,,,,,,,,,,,,,,110.21,110.22,110.23,110.24,110.25,1239,1448,2661,2748,2838,23408,44,45,39,46,36,336,110.2,110.19,110.18,110.17,110.16,170,1013,2564,2725,2087,33161,6,26,28,46,38,410
165R9,quote,150822,15:08:24.110735,,,,,,,,,,,,,,,,110.21,110.22,110.23,110.24,110.25,1239,1448,2661,2748,2838,23408,44,45,39,46,36,336,110.2,110.19,110.18,110.17,110.16,170,1013,2564,2725,2087,33161,6,26,28,46,38,410
165R9,quote,150823,15:08:25.005298,,,,,,,,,,,,,,,,110.21,110.22,110.23,110.24,110.25,1239,1448,2661,2748,2838,23408,44,45,39,46,36,336,110.2,110.19,110.18,110.17,110.16,117,1013,2564,2725,2087,33108,5,26,28,46,38,409
165R9,quote,150823,15:08:25.011277,,,,,,,,,,,,,,,,110.21,110.22,110.23,110.24,110.25,1239,1448,2661,2748,2838,23408,44,45,39,46,36,336,110.2,110.19,110.18,110.17,110.16,109,1013,2564,2725,2087,33100,4,26,28,46,38,408
165R9,quote,150823,15:08:25.012275,,,,,,,,,,,,,,,,110.21,110.22,110.23,110.24,110.25,1239,1448,2661,2748,2838,23408,44,45,39,46,36,336,110.2,110.19,110.18,110.17,110.16,79,1013,2564,2725,2087,33070,3,26,28,46,38,407
165R9,quote,150823,15:08:25.014236,,,,,,,,,,,,,,,,110.21,110.22,110.23,110.24,110.25,1239,1448,2661,2748,2838,23408,44,45,39,46,36,336,110.2,110.19,110.18,110.17,110.16,35,1013,2564,2725,2087,33026,2,26,28,46,38,406
165R9,quote,150823,15:08:25.015233,,,,,,,,,,,,,,,,110.21,110.22,110.23,110.24,110.25,1239,1448,2661,2748,2838,23408,44,45,39,46,36,336,110.2,110.19,110.18,110.17,110.16,25,1013,2564,2725,2087,33016,1,26,28,46,38,405
165R9,trade,150823,15:08:25.016230,110.2,110.23,110.24,110.15,110.21,110.2,1239,17,-0.05,126269,126269,63478,62791,2,2,,,,,,,,,,,,,,,,,,,,,,,,,,,,,,,,,,
165R9,quote,150823,15:08:25.016230,,,,,,,,,,,,,,,,110.21,110.22,110.23,110.24,110.25,1239,1448,2661,2748,2838,23408,44,45,39,46,36,336,110.2,110.19,110.18,110.17,110.16,17,1013,2564,2725,2087,33008,1,26,28,46,38,405
165R9,trade,150823,15:08:25.017228,110.2,110.23,110.24,110.15,110.2,110.19,61,1013,-0.05,126286,126286,63478,62808,2,2,,,,,,,,,,,,,,,,,,,,,,,,,,,,,,,,,,
165R9,quote,150823,15:08:25.018225,,,,,,,,,,,,,,,,110.2,110.21,110.22,110.23,110.24,61,1239,1448,2661,2748,23469,1,44,45,39,46,337,110.19,110.18,110.17,110.16,110.15,1013,2564,2725,2087,2202,32991,26,28,46,38,61,404
165R9,quote,150823,15:08:25.019222,,,,,,,,,,,,,,,,110.2,110.21,110.22,110.23,110.24,69,1239,1448,2661,2748,23477,2,44,45,39,46,338,110.19,110.18,110.17,110.16,110.15,1013,2564,2725,2087,2202,32991,26,28,46,38,61,404
165R9,quote,150823,15:08:25.020238,,,,,,,,,,,,,,,,110.2,110.21,110.22,110.23,110.24,74,1239,1448,2661,2748,23482,3,44,45,39,46,339,110.19,110.18,110.17,110.16,110.15,1013,2564,2725,2087,2202,32991,26,28,46,38,61,404
165R9,quote,150823,15:08:25.020238,,,,,,,,,,,,,,,,110.2,110.21,110.22,110.23,110.24,75,1239,1448,2661,2748,23483,4,44,45,39,46,340,110.19,110.18,110.17,110.16,110.15,1013,2564,2725,2087,2202,32991,26,28,46,38,61,404
165R9,quote,150823,15:08:25.022245,,,,,,,,,,,,,,,,110.2,110.21,110.22,110.23,110.24,67,1239,1448,2661,2748,23475,3,44,45,39,46,339,110.19,110.18,110.17,110.16,110.15,1013,2564,2725,2087,2202,32991,26,28,46,38,61,404
165R9,quote,150823,15:08:25.023242,,,,,,,,,,,,,,,,110.2,110.21,110.22,110.23,110.24,66,1239,1448,2661,2748,23474,2,44,45,39,46,338,110.19,110.18,110.17,110.16,110.15,1013,2564,2725,2087,2202,32991,26,28,46,38,61,404
165R9,quote,150823,15:08:25.023242,,,,,,,,,,,,,,,,110.2,110.21,110.22,110.23,110.24,66,1241,1448,2661,2748,23476,2,45,45,39,46,339,110.19,110.18,110.17,110.16,110.15,1013,2564,2725,2087,2202,32991,26,28,46,38,61,404
165R9,quote,150823,15:08:25.025236,,,,,,,,,,,,,,,,110.2,110.21,110.22,110.23,110.24,66,1241,1448,2661,2748,23476,2,45,45,39,46,339,110.19,110.18,110.17,110.16,110.15,1011,2564,2725,2087,2202,32989,25,28,46,38,61,403
165R9,quote,150823,15:08:25.026204,,,,,,,,,,,,,,,,110.2,110.21,110.22,110.23,110.24,61,1241,1448,2661,2748,23471,1,45,45,39,46,338,110.19,110.18,110.17,110.16,110.15,1011,2564,2725,2087,2202,32989,25,28,46,38,61,403
165R9,trade,150823,15:08:25.027228,110.2,110.23,110.24,110.15,110.2,110.19,61,1011,-0.05,126347,126347,63539,62808,1,1,,,,,,,,,,,,,,,,,,,,,,,,,,,,,,,,,,
165R9,quote,150823,15:08:25.027228,,,,,,,,,,,,,,,,110.21,110.22,110.23,110.24,110.25,1241,1448,2661,2748,2838,23410,45,45,39,46,36,337,110.19,110.18,110.17,110.16,110.15,1011,2564,2725,2087,2202,32989,25,28,46,38,61,403
165R9,quote,150824,15:08:25.611641,,,,,,,,,,,,,,,,110.21,110.22,110.23,110.24,110.25,1241,1448,2661,2748,2838,23410,45,45,39,46,36,337,110.19,110.18,110.17,110.16,110.15,1011,2564,2725,2087,2202,32989,25,28,46,38,61,403
165R9,quote,150825,15:08:26.550136,,,,,,,,,,,,,,,,110.2,110.21,110.22,110.23,110.24,180,1241,1448,2661,2748,23590,1,45,45,39,46,338,110.19,110.18,110.17,110.16,110.15,1011,2564,2725,2087,2202,32989,25,28,46,38,61,403
165R9,quote,150825,15:08:26.553169,,,,,,,,,,,,,,,,110.2,110.21,110.22,110.23,110.24,188,1241,1448,2661,2748,23598,2,45,45,39,46,339,110.19,110.18,110.17,110.16,110.15,1011,2564,2725,2087,2202,32989,25,28,46,38,61,403
165R9,quote,150825,15:08:26.558159,,,,,,,,,,,,,,,,110.2,110.21,110.22,110.23,110.24,193,1241,1448,2661,2748,23603,3,45,45,39,46,340,110.19,110.18,110.17,110.16,110.15,1011,2564,2725,2087,2202,32989,25,28,46,38,61,403
165R9,quote,150825,15:08:26.560154,,,,,,,,,,,,,,,,110.2,110.21,110.22,110.23,110.24,201,1241,1448,2661,2748,23611,4,45,45,39,46,341,110.19,110.18,110.17,110.16,110.15,1011,2564,2725,2087,2202,32989,25,28,46,38,61,403
165R9,quote,150825,15:08:26.563104,,,,,,,,,,,,,,,,110.2,110.21,110.22,110.23,110.24,242,1241,1448,2661,2748,23652,5,45,45,39,46,342,110.19,110.18,110.17,110.16,110.15,1011,2564,2725,2087,2202,32989,25,28,46,38,61,403
165R9,quote,150825,15:08:26.568084,,,,,,,,,,,,,,,,110.2,110.21,110.22,110.23,110.24,320,1241,1448,2661,2748,23730,6,45,45,39,46,343,110.19,110.18,110.17,110.16,110.15,1011,2564,2725,2087,2202,32989,25,28,46,38,61,403
165R9,quote,150825,15:08:26.612997,,,,,,,,,,,,,,,,110.2,110.21,110.22,110.23,110.24,408,1241,1448,2661,2748,23818,7,45,45,39,46,344,110.19,110.18,110.17,110.16,110.15,1011,2564,2725,2087,2202,32989,25,28,46,38,61,403
165R9,quote,150825,15:08:26.613960,,,,,,,,,,,,,,,,110.2,110.21,110.22,110.23,110.24,438,1241,1448,2661,2748,23848,8,45,45,39,46,345,110.19,110.18,110.17,110.16,110.15,1011,2564,2725,2087,2202,32989,25,28,46,38,61,403
165R9,quote,150825,15:08:26.616979,,,,,,,,,,,,,,,,110.2,110.21,110.22,110.23,110.24,439,1240,1448,2661,2748,23848,9,44,45,39,46,345,110.19,110.18,110.17,110.16,110.15,1011,2564,2725,2087,2202,32989,25,28,46,38,61,403
165R9,quote,150825,15:08:26.675861,,,,,,,,,,,,,,,,110.2,110.21,110.22,110.23,110.24,440,1239,1448,2661,2748,23848,10,43,45,39,46,345,110.19,110.18,110.17,110.16,110.15,1011,2564,2725,2087,2202,32989,25,28,46,38,61,403
165R9,quote,150825,15:08:26.678824,,,,,,,,,,,,,,,,110.2,110.21,110.22,110.23,110.24,441,1238,1448,2661,2748,23848,11,42,45,39,46,345,110.19,110.18,110.17,110.16,110.15,1011,2564,2725,2087,2202,32989,25,28,46,38,61,403
165R9,quote,150825,15:08:26.681809,,,,,,,,,,,,,,,,110.2,110.21,110.22,110.23,110.24,442,1237,1448,2661,2748,23848,12,41,45,39,46,345,110.19,110.18,110.17,110.16,110.15,1011,2564,2725,2087,2202,32989,25,28,46,38,61,403
165R9,quote,150825,15:08:26.683811,,,,,,,,,,,,,,,,110.2,110.21,110.22,110.23,110.24,443,1236,1448,2661,2748,23848,13,40,45,39,46,345,110.19,110.18,110.17,110.16,110.15,1011,2564,2725,2087,2202,32989,25,28,46,38,61,403
165R9,quote,150825,15:08:26.686817,,,,,,,,,,,,,,,,110.2,110.21,110.22,110.23,110.24,444,1235,1448,2661,2748,23848,14,39,45,39,46,345,110.19,110.18,110.17,110.16,110.15,1011,2564,2725,2087,2202,32989,25,28,46,38,61,403
165R9,quote,150825,15:08:26.689760,,,,,,,,,,,,,,,,110.2,110.21,110.22,110.23,110.24,445,1234,1448,2661,2748,23848,15,38,45,39,46,345,110.19,110.18,110.17,110.16,110.15,1011,2564,2725,2087,2202,32989,25,28,46,38,61,403
165R9,quote,150826,15:08:27.424796,,,,,,,,,,,,,,,,110.2,110.21,110.22,110.23,110.24,446,1233,1448,2661,2748,23848,16,37,45,39,46,345,110.19,110.18,110.17,110.16,110.15,1011,2564,2725,2087,2202,32989,25,28,46,38,61,403
165R9,quote,150826,15:08:27.487654,,,,,,,,,,,,,,,,110.2,110.21,110.22,110.23,110.24,447,1232,1448,2661,2748,23848,17,36,45,39,46,345,110.19,110.18,110.17,110.16,110.15,1011,2564,2725,2087,2202,32989,25,28,46,38,61,403
165R9,quote,150826,15:08:27.488622,,,,,,,,,,,,,,,,110.2,110.21,110.22,110.23,110.24,448,1231,1448,2661,2748,23848,18,35,45,39,46,345,110.19,110.18,110.17,110.16,110.15,1011,2564,2725,2087,2202,32989,25,28,46,38,61,403
165R9,quote,150826,15:08:27.489619,,,,,,,,,,,,,,,,110.2,110.21,110.22,110.23,110.24,449,1230,1448,2661,2748,23848,19,34,45,39,46,345,110.19,110.18,110.17,110.16,110.15,1011,2564,2725,2087,2202,32989,25,28,46,38,61,403
165R9,quote,150826,15:08:27.489619,,,,,,,,,,,,,,,,110.2,110.21,110.22,110.23,110.24,450,1229,1448,2661,2748,23848,20,33,45,39,46,345,110.19,110.18,110.17,110.16,110.15,1011,2564,2725,2087,2202,32989,25,28,46,38,61,403
165R9,quote,150827,15:08:28.299721,,,,,,,,,,,,,,,,110.2,110.21,110.22,110.23,110.24,450,1229,1448,2661,2748,23848,20,33,45,39,46,345,110.19,110.18,110.17,110.16,110.15,1011,2564,2725,2087,2202,32989,25,28,46,38,61,403
165R9,quote,150829,15:08:30.611545,,,,,,,,,,,,,,,,110.2,110.21,110.22,110.23,110.24,450,1229,1448,2661,2748,23848,20,33,45,39,46,345,110.19,110.18,110.17,110.16,110.15,1011,2564,2725,2087,2202,32989,25,28,46,38,61,403
165R9,quote,150830,15:08:31.360273,,,,,,,,,,,,,,,,110.2,110.21,110.22,110.23,110.24,450,1049,1448,2661,2748,23668,20,32,45,39,46,344,110.19,110.18,110.17,110.16,110.15,1011,2564,2725,2087,2202,32989,25,28,46,38,61,403
165R9,quote,150830,15:08:31.548810,,,,,,,,,,,,,,,,110.2,110.21,110.22,110.23,110.24,450,1049,1448,2661,2748,23668,20,32,45,39,46,344,110.19,110.18,110.17,110.16,110.15,1011,2564,2725,2087,2202,32989,25,28,46,38,61,403
165R9,quote,150830,15:08:31.924771,,,,,,,,,,,,,,,,110.2,110.21,110.22,110.23,110.24,455,1049,1448,2661,2748,23673,21,32,45,39,46,345,110.19,110.18,110.17,110.16,110.15,1011,2564,2725,2087,2202,32989,25,28,46,38,61,403
165R9,trade,150832,15:08:33.301358,110.19,110.23,110.24,110.15,110.2,110.19,455,1009,-0.06,126349,126349,63539,62810,2,2,,,,,,,,,,,,,,,,,,,,,,,,,,,,,,,,,,
165R9,quote,150830,15:08:33.361929,,,,,,,,,,,,,,,,110.2,110.21,110.22,110.23,110.24,455,1049,1448,2661,2748,23673,21,32,45,39,46,345,110.19,110.18,110.17,110.16,110.15,1009,2564,2725,2087,2202,32987,25,28,46,38,61,403
165R9,quote,150832,15:08:33.364918,,,,,,,,,,,,,,,,110.2,110.21,110.22,110.23,110.24,455,1049,1448,2661,2748,23673,21,32,45,39,46,345,110.19,110.18,110.17,110.16,110.15,1009,2564,2725,2087,2202,32987,25,28,46,38,61,403
165R9,quote,150834,15:08:35.614021,,,,,,,,,,,,,,,,110.2,110.21,110.22,110.23,110.24,455,1049,1448,2661,2748,23673,21,32,45,39,46,345,110.19,110.18,110.17,110.16,110.15,1009,2564,2725,2087,2202,32987,25,28,46,38,61,403
165R9,quote,150834,15:08:35.736578,,,,,,,,,,,,,,,,110.2,110.21,110.22,110.23,110.24,455,1049,1448,2661,2748,23673,21,32,45,39,46,345,110.19,110.18,110.17,110.16,110.15,1009,2564,2725,2087,2202,32987,25,28,46,38,61,403
165R9,quote,150835,15:08:36.552501,,,,,,,,,,,,,,,,110.2,110.21,110.22,110.23,110.24,455,1049,1448,2661,2748,23673,21,32,45,39,46,345,110.19,110.18,110.17,110.16,110.15,1009,2564,2725,2087,2202,32987,25,28,46,38,61,403
165R9,quote,150836,15:08:37.548765,,,,,,,,,,,,,,,,110.2,110.21,110.22,110.23,110.24,455,1049,1448,2661,2748,23623,21,32,45,39,46,344,110.19,110.18,110.17,110.16,110.15,1009,2564,2725,2087,2202,32987,25,28,46,38,61,403
165R9,quote,150836,15:08:38.050507,,,,,,,,,,,,,,,,110.2,110.21,110.22,110.23,110.24,455,1049,1448,2661,2748,23573,21,32,45,39,46,343,110.19,110.18,110.17,110.16,110.15,1009,2564,2725,2087,2202,32987,25,28,46,38,61,403
165R9,quote,150837,15:08:38.299010,,,,,,,,,,,,,,,,110.2,110.21,110.22,110.23,110.24,455,1049,1448,2661,2748,23573,21,32,45,39,46,343,110.19,110.18,110.17,110.16,110.15,1009,2564,2725,2087,2202,32987,25,28,46,38,61,403
165R9,quote,150837,15:08:38.548114,,,,,,,,,,,,,,,,110.2,110.21,110.22,110.23,110.24,525,1049,1448,2661,2748,23643,22,32,45,39,46,344,110.19,110.18,110.17,110.16,110.15,1009,2564,2725,2087,2202,32987,25,28,46,38,61,403
165R9,quote,150837,15:08:39.237220,,,,,,,,,,,,,,,,110.2,110.21,110.22,110.23,110.24,525,1049,1448,2661,2748,23643,22,32,45,39,46,344,110.19,110.18,110.17,110.16,110.15,1009,2564,2725,2087,2182,32967,25,28,46,38,60,402
165R9,quote,150839,15:08:40.677424,,,,,,,,,,,,,,,,110.2,110.21,110.22,110.23,110.24,525,1049,1448,2661,2748,23643,22,32,45,39,46,344,110.19,110.18,110.17,110.16,110.15,1009,2564,2725,2087,2182,32967,25,28,46,38,60,402
165R9,quote,150840,15:08:41.552034,,,,,,,,,,,,,,,,110.2,110.21,110.22,110.23,110.24,525,1049,1448,2661,2748,23643,22,32,45,39,46,344,110.19,110.18,110.17,110.16,110.15,1009,2564,2725,2087,2182,32967,25,28,46,38,60,402
165R9,quote,150840,15:08:41.863202,,,,,,,,,,,,,,,,110.2,110.21,110.22,110.23,110.24,525,1054,1448,2661,2748,23648,22,33,45,39,46,345,110.19,110.18,110.17,110.16,110.15,1009,2564,2725,2087,2182,32967,25,28,46,38,60,402
165R9,quote,150841,15:08:42.612201,,,,,,,,,,,,,,,,110.2,110.21,110.22,110.23,110.24,525,1054,1448,2661,2748,23648,22,33,45,39,46,345,110.19,110.18,110.17,110.16,110.15,1009,2564,2725,2087,2182,32967,25,28,46,38,60,402
165R9,trade,150841,15:08:43.051026,110.2,110.23,110.24,110.15,110.2,110.19,445,1009,-0.05,126429,126429,63619,62810,1,2,,,,,,,,,,,,,,,,,,,,,,,,,,,,,,,,,,
165R9,quote,150841,15:08:43.110866,,,,,,,,,,,,,,,,110.2,110.21,110.22,110.23,110.24,445,1054,1448,2661,2748,23568,22,33,45,39,46,345,110.19,110.18,110.17,110.16,110.15,1009,2564,2725,2087,2182,32967,25,28,46,38,60,402
165R9,quote,150841,15:08:43.178685,,,,,,,,,,,,,,,,110.2,110.21,110.22,110.23,110.24,367,1054,1448,2661,2748,23490,21,33,45,39,46,344,110.19,110.18,110.17,110.16,110.15,1009,2564,2725,2087,2182,32967,25,28,46,38,60,402
165R9,quote,150842,15:08:43.363193,,,,,,,,,,,,,,,,110.2,110.21,110.22,110.23,110.24,367,1054,1448,2661,2748,23490,21,33,45,39,46,344,110.19,110.18,110.17,110.16,110.15,1009,2564,2725,2087,2182,32967,25,28,46,38,60,402
165R9,quote,150844,15:08:45.610187,,,,,,,,,,,,,,,,110.2,110.21,110.22,110.23,110.24,367,1054,1448,2661,2748,23490,21,33,45,39,46,344,110.19,110.18,110.17,110.16,110.15,1009,2564,2725,2087,2182,32967,25,28,46,38,60,402
165R9,quote,150845,15:08:46.426007,,,,,,,,,,,,,,,,110.2,110.21,110.22,110.23,110.24,326,1054,1448,2661,2748,23449,20,33,45,39,46,343,110.19,110.18,110.17,110.16,110.15,1009,2564,2725,2087,2182,32967,25,28,46,38,60,402
165R9,quote,150845,15:08:46.550672,,,,,,,,,,,,,,,,110.2,110.21,110.22,110.23,110.24,326,1054,1448,2661,2748,23449,20,33,45,39,46,343,110.19,110.18,110.17,110.16,110.15,1009,2564,2725,2087,2182,32967,25,28,46,38,60,402
165R9,quote,150847,15:08:48.299000,,,,,,,,,,,,,,,,110.2,110.21,110.22,110.23,110.24,326,1054,1448,2661,2748,23449,20,33,45,39,46,343,110.19,110.18,110.17,110.16,110.15,1009,2564,2725,2087,2182,32967,25,28,46,38,60,402
165R9,quote,150849,15:08:50.425346,,,,,,,,,,,,,,,,110.2,110.21,110.22,110.23,110.24,326,1054,1448,2661,2748,23449,20,33,45,39,46,343,110.19,110.18,110.17,110.16,110.15,1010,2564,2725,2087,2182,32968,26,28,46,38,60,403
165R9,quote,150849,15:08:50.427312,,,,,,,,,,,,,,,,110.2,110.21,110.22,110.23,110.24,296,1054,1448,2661,2748,23419,19,33,45,39,46,342,110.19,110.18,110.17,110.16,110.15,1010,2564,2725,2087,2182,32968,26,28,46,38,60,403
165R9,quote,150849,15:08:50.428308,,,,,,,,,,,,,,,,110.2,110.21,110.22,110.23,110.24,208,1054,1448,2661,2748,23331,18,33,45,39,46,341,110.19,110.18,110.17,110.16,110.15,1010,2564,2725,2087,2182,32968,26,28,46,38,60,403
165R9,trade,150849,15:08:50.428308,110.2,110.23,110.24,110.15,110.21,110.19,1054,1010,-0.05,126637,126637,63827,62810,1,2,,,,,,,,,,,,,,,,,,,,,,,,,,,,,,,,,,
165R9,quote,150849,15:08:50.429306,,,,,,,,,,,,,,,,110.21,110.22,110.23,110.24,110.25,1054,1448,2661,2748,2788,23123,33,45,39,46,35,323,110.19,110.18,110.17,110.16,110.15,1010,2564,2725,2087,2182,32968,26,28,46,38,60,403
165R9,quote,150849,15:08:50.430303,,,,,,,,,,,,,,,,110.21,110.22,110.23,110.24,110.25,1054,1448,2661,2748,2788,23123,33,45,39,46,35,323,110.19,110.18,110.17,110.16,110.15,1010,2564,2725,2087,2182,32968,26,28,46,38,60,403
165R9,quote,150849,15:08:50.430303,,,,,,,,,,,,,,,,110.21,110.22,110.23,110.24,110.25,1054,1448,2661,2748,2788,23123,33,45,39,46,35,323,110.19,110.18,110.17,110.16,110.15,1010,2564,2725,2087,2182,32968,26,28,46,38,60,403
165R9,quote,150849,15:08:50.486187,,,,,,,,,,,,,,,,110.21,110.22,110.23,110.24,110.25,1054,1448,2661,2748,2788,23123,33,45,39,46,35,323,110.2,110.19,110.18,110.17,110.16,78,1010,2564,2725,2087,33046,1,26,28,46,38,404
165R9,quote,150849,15:08:50.491141,,,,,,,,,,,,,,,,110.21,110.22,110.23,110.24,110.25,1054,1448,2661,2748,2788,23123,33,45,39,46,35,323,110.2,110.19,110.18,110.17,110.16,85,1010,2564,2725,2087,33053,2,26,28,46,38,405
165R9,quote,150849,15:08:50.493171,,,,,,,,,,,,,,,,110.21,110.22,110.23,110.24,110.25,1054,1448,2661,2748,2788,23123,33,45,39,46,35,323,110.2,110.19,110.18,110.17,110.16,119,1010,2564,2725,2087,33087,3,26,28,46,38,406
165R9,quote,150849,15:08:50.495159,,,,,,,,,,,,,,,,110.21,110.22,110.23,110.24,110.25,1054,1448,2661,2748,2788,23123,33,45,39,46,35,323,110.2,110.19,110.18,110.17,110.16,127,1010,2564,2725,2087,33095,4,26,28,46,38,407
165R9,quote,150849,15:08:50.496156,,,,,,,,,,,,,,,,110.21,110.22,110.23,110.24,110.25,1054,1448,2661,2748,2788,23123,33,45,39,46,35,323,110.2,110.19,110.18,110.17,110.16,127,1012,2564,2725,2087,33097,4,27,28,46,38,408
165R9,quote,150849,15:08:50.497127,,,,,,,,,,,,,,,,110.21,110.22,110.23,110.24,110.25,1054,1448,2661,2748,2788,23123,33,45,39,46,35,323,110.2,110.19,110.18,110.17,110.16,134,1012,2564,2725,2087,33104,5,27,28,46,38,409
165R9,quote,150849,15:08:50.498150,,,,,,,,,,,,,,,,110.21,110.22,110.23,110.24,110.25,1052,1448,2661,2748,2788,23121,32,45,39,46,35,322,110.2,110.19,110.18,110.17,110.16,134,1012,2564,2725,2087,33104,5,27,28,46,38,409
165R9,quote,150849,15:08:50.505105,,,,,,,,,,,,,,,,110.21,110.22,110.23,110.24,110.25,1052,1448,2661,2748,2788,23121,32,45,39,46,35,322,110.2,110.19,110.18,110.17,110.16,139,1012,2564,2725,2087,33109,6,27,28,46,38,410
165R9,quote,150849,15:08:50.510092,,,,,,,,,,,,,,,,110.21,110.22,110.23,110.24,110.25,1052,1448,2661,2748,2788,23121,32,45,39,46,35,322,110.2,110.19,110.18,110.17,110.16,149,1012,2564,2725,2087,33119,7,27,28,46,38,411
165R9,quote,150849,15:08:50.511113,,,,,,,,,,,,,,,,110.21,110.22,110.23,110.24,110.25,1052,1448,2661,2748,2788,23121,32,45,39,46,35,322,110.2,110.19,110.18,110.17,110.16,237,1012,2564,2725,2087,33207,8,27,28,46,38,412
165R9,quote,150849,15:08:50.512111,,,,,,,,,,,,,,,,110.21,110.22,110.23,110.24,110.25,1052,1448,2661,2748,2788,23121,32,45,39,46,35,322,110.2,110.19,110.18,110.17,110.16,267,1012,2564,2725,2087,33237,9,27,28,46,38,413
165R9,quote,150849,15:08:50.549011,,,,,,,,,,,,,,,,110.21,110.22,110.23,110.24,110.25,1052,1448,2661,2748,2788,23121,32,45,39,46,35,322,110.2,110.19,110.18,110.17,110.16,274,1012,2564,2725,2087,33244,10,27,28,46,38,414
165R9,quote,150849,15:08:50.612815,,,,,,,,,,,,,,,,110.21,110.22,110.23,110.24,110.25,1053,1448,2661,2748,2788,23122,33,45,39,46,35,323,110.2,110.19,110.18,110.17,110.16,274,1012,2564,2725,2087,33244,10,27,28,46,38,414
165R9,quote,150849,15:08:51.113505,,,,,,,,,,,,,,,,110.21,110.22,110.23,110.24,110.25,1053,1448,2661,2748,2788,23122,33,45,39,46,35,323,110.2,110.19,110.18,110.17,110.16,275,1011,2564,2725,2087,33244,11,26,28,46,38,414
165R9,quote,150850,15:08:51.550358,,,,,,,,,,,,,,,,110.21,110.22,110.23,110.24,110.25,1053,1448,2661,2748,2788,23122,33,45,39,46,35,323,110.2,110.19,110.18,110.17,110.16,268,1011,2564,2725,2087,33237,10,26,28,46,38,413
165R9,quote,150852,15:08:53.368477,,,,,,,,,,,,,,,,110.21,110.22,110.23,110.24,110.25,1053,1448,2661,2748,2788,23122,33,45,39,46,35,323,110.2,110.19,110.18,110.17,110.16,268,1011,2564,2725,2087,33237,10,26,28,46,38,413
165R9,quote,150854,15:08:55.422985,,,,,,,,,,,,,,,,110.21,110.22,110.23,110.24,110.25,1053,1448,2661,2748,2788,23122,33,45,39,46,35,323,110.2,110.19,110.18,110.17,110.16,268,1011,2564,2725,2087,33237,10,26,28,46,38,413
165R9,quote,150854,15:08:55.485820,,,,,,,,,,,,,,,,110.21,110.22,110.23,110.24,110.25,1053,1448,2661,2748,2788,23122,33,45,39,46,35,323,110.2,110.19,110.18,110.17,110.16,268,1011,2564,2725,2087,33237,10,26,28,46,38,413
165R9,quote,150854,15:08:55.801947,,,,,,,,,,,,,,,,110.21,110.22,110.23,110.24,110.25,1053,1448,2661,2748,2788,23122,33,45,39,46,35,323,110.2,110.19,110.18,110.17,110.16,269,1011,2564,2725,2087,33238,11,26,28,46,38,414
165R9,quote,150856,15:08:57.363773,,,,,,,,,,,,,,,,110.21,110.22,110.23,110.24,110.25,1054,1448,2661,2748,2788,23123,34,45,39,46,35,324,110.2,110.19,110.18,110.17,110.16,269,1011,2564,2725,2087,33238,11,26,28,46,38,414
165R9,quote,150856,15:08:58.112799,,,,,,,,,,,,,,,,110.21,110.22,110.23,110.24,110.25,1054,1448,2661,2748,2788,23123,34,45,39,46,35,324,110.2,110.19,110.18,110.17,110.16,269,1011,2564,2725,2087,33238,11,26,28,46,38,414
165R9,quote,150857,15:08:58.301568,,,,,,,,,,,,,,,,110.21,110.22,110.23,110.24,110.25,1054,1448,2661,2748,2788,23123,34,45,39,46,35,324,110.2,110.19,110.18,110.17,110.16,269,1011,2564,2725,2087,33238,11,26,28,46,38,414
165R9,quote,150858,15:08:59.360497,,,,,,,,,,,,,,,,110.21,110.22,110.23,110.24,110.25,1055,1448,2661,2748,2788,23124,35,45,39,46,35,325,110.2,110.19,110.18,110.17,110.16,269,1011,2564,2725,2087,33238,11,26,28,46,38,414
165R9,quote,150859,15:09:00.425588,,,,,,,,,,,,,,,,110.21,110.22,110.23,110.24,110.25,1055,1448,2661,2748,2788,23124,35,45,39,46,35,325,110.2,110.19,110.18,110.17,110.16,269,1011,2564,2725,2087,33238,11,26,28,46,38,414
165R9,quote,150859,15:09:00.487423,,,,,,,,,,,,,,,,110.21,110.22,110.23,110.24,110.25,1055,1448,2661,2748,2788,23124,35,45,39,46,35,325,110.2,110.19,110.18,110.17,110.16,269,1011,2564,2725,2087,33238,11,26,28,46,38,414
165R9,quote,150901,15:09:03.111413,,,,,,,,,,,,,,,,110.21,110.22,110.23,110.24,110.25,1055,1448,2661,2748,2788,23124,35,45,39,46,35,325,110.2,110.19,110.18,110.17,110.16,269,1011,2564,2725,2087,33238,11,26,28,46,38,414
165R9,quote,150902,15:09:03.362800,,,,,,,,,,,,,,,,110.21,110.22,110.23,110.24,110.25,1055,1448,2661,2748,2788,23124,35,45,39,46,35,325,110.2,110.19,110.18,110.17,110.16,269,1011,2564,2725,2087,33238,11,26,28,46,38,414
165R9,quote,150902,15:09:03.927325,,,,,,,,,,,,,,,,110.21,110.22,110.23,110.24,110.25,1055,1448,2661,2748,2788,23124,35,45,39,46,35,325,110.2,110.19,110.18,110.17,110.16,269,1011,2564,2725,2087,33238,11,26,28,46,38,414
165R9,quote,150904,15:09:05.427222,,,,,,,,,,,,,,,,110.21,110.22,110.23,110.24,110.25,1055,1448,2661,2748,2788,23124,35,45,39,46,35,325,110.2,110.19,110.18,110.17,110.16,269,1011,2564,2725,2087,33238,11,26,28,46,38,414
165R9,quote,150904,15:09:05.488060,,,,,,,,,,,,,,,,110.21,110.22,110.23,110.24,110.25,1055,1448,2661,2748,2788,23124,35,45,39,46,35,325,110.2,110.19,110.18,110.17,110.16,269,1011,2564,2725,2087,33238,11,26,28,46,38,414
165R9,trade,150905,15:09:07.048885,110.2,110.23,110.24,110.15,110.21,110.2,1055,169,-0.05,126737,126737,63827,62910,2,2,,,,,,,,,,,,,,,,,,,,,,,,,,,,,,,,,,
165R9,quote,150904,15:09:07.048885,,,,,,,,,,,,,,,,110.21,110.22,110.23,110.24,110.25,1055,1448,2661,2748,2788,23124,35,45,39,46,35,325,110.2,110.19,110.18,110.17,110.16,169,1011,2564,2725,2087,33138,9,26,28,46,38,412
165R9,quote,150905,15:09:07.049882,,,,,,,,,,,,,,,,110.21,110.22,110.23,110.24,110.25,1055,1448,2661,2748,2788,23124,35,45,39,46,35,325,110.2,110.19,110.18,110.17,110.16,162,1011,2564,2725,2087,33131,8,26,28,46,38,411
165R9,quote,150905,15:09:07.049882,,,,,,,,,,,,,,,,110.21,110.22,110.23,110.24,110.25,1055,1448,2661,2748,2788,23124,35,45,39,46,35,325,110.2,110.19,110.18,110.17,110.16,157,1011,2564,2725,2087,33126,7,26,28,46,38,410
165R9,quote,150905,15:09:07.050880,,,,,,,,,,,,,,,,110.21,110.22,110.23,110.24,110.25,1055,1448,2661,2748,2788,23124,35,45,39,46,35,325,110.2,110.19,110.18,110.17,110.16,138,1011,2564,2725,2087,33107,6,26,28,46,38,409
165R9,quote,150905,15:09:07.051877,,,,,,,,,,,,,,,,110.21,110.22,110.23,110.24,110.25,1055,1448,2661,2748,2788,23124,35,45,39,46,35,325,110.2,110.19,110.18,110.17,110.16,153,1011,2564,2725,2087,33122,7,26,28,46,38,410
165R9,quote,150905,15:09:07.051877,,,,,,,,,,,,,,,,110.21,110.22,110.23,110.24,110.25,1055,1448,2661,2748,2788,23124,35,45,39,46,35,325,110.2,110.19,110.18,110.17,110.16,160,1011,2564,2725,2087,33129,8,26,28,46,38,411
165R9,quote,150905,15:09:07.052874,,,,,,,,,,,,,,,,110.21,110.22,110.23,110.24,110.25,1055,1448,2661,2748,2788,23124,35,45,39,46,35,325,110.2,110.19,110.18,110.17,110.16,72,1011,2564,2725,2087,33041,7,26,28,46,38,410
165R9,quote,150905,15:09:07.053872,,,,,,,,,,,,,,,,110.21,110.22,110.23,110.24,110.25,1055,1448,2661,2748,2788,23124,35,45,39,46,35,325,110.2,110.19,110.18,110.17,110.16,79,1011,2564,2725,2087,33048,8,26,28,46,38,411
165R9,quote,150905,15:09:07.054869,,,,,,,,,,,,,,,,110.21,110.22,110.23,110.24,110.25,1055,1448,2661,2748,2788,23124,35,45,39,46,35,325,110.2,110.19,110.18,110.17,110.16,117,1011,2564,2725,2087,33086,9,26,28,46,38,412
165R9,quote,150905,15:09:07.054869,,,,,,,,,,,,,,,,110.21,110.22,110.23,110.24,110.25,1055,1448,2661,2748,2788,23124,35,45,39,46,35,325,110.2,110.19,110.18,110.17,110.16,136,1011,2564,2725,2087,33105,10,26,28,46,38,413
165R9,quote,150905,15:09:07.055866,,,,,,,,,,,,,,,,110.21,110.22,110.23,110.24,110.25,1055,1448,2661,2748,2788,23124,35,45,39,46,35,325,110.2,110.19,110.18,110.17,110.16,141,1011,2564,2725,2087,33110,11,26,28,46,38,414
165R9,quote,150905,15:09:07.113713,,,,,,,,,,,,,,,,110.21,110.22,110.23,110.24,110.25,1055,1448,2661,2748,2788,23124,35,45,39,46,35,325,110.2,110.19,110.18,110.17,110.16,136,1011,2564,2725,2087,33105,10,26,28,46,38,413
165R9,quote,150905,15:09:07.114737,,,,,,,,,,,,,,,,110.21,110.22,110.23,110.24,110.25,1055,1448,2661,2748,2788,23124,35,45,39,46,35,325,110.2,110.19,110.18,110.17,110.16,106,1011,2564,2725,2087,33075,9,26,28,46,38,412
165R9,quote,150905,15:09:07.176801,,,,,,,,,,,,,,,,110.21,110.22,110.23,110.24,110.25,1055,1448,2661,2748,2788,23124,35,45,39,46,35,325,110.2,110.19,110.18,110.17,110.16,111,1011,2564,2725,2087,33080,10,26,28,46,38,413
165R9,quote,150906,15:09:07.363114,,,,,,,,,,,,,,,,110.21,110.22,110.23,110.24,110.25,1055,1448,2661,2748,2788,23124,35,45,39,46,35,325,110.2,110.19,110.18,110.17,110.16,111,1011,2564,2725,2087,33080,10,26,28,46,38,413
165R9,quote,150906,15:09:08.052204,,,,,,,,,,,,,,,,110.21,110.22,110.23,110.24,110.25,1055,1448,2661,2748,2788,23124,35,45,39,46,35,325,110.2,110.19,110.18,110.17,110.16,111,1011,2564,2725,2087,33080,10,26,28,46,38,413
165R9,quote,150907,15:09:08.926866,,,,,,,,,,,,,,,,110.21,110.22,110.23,110.24,110.25,1055,1448,2661,2748,2788,23124,35,45,39,46,35,325,110.2,110.19,110.18,110.17,110.16,111,1011,2564,2725,2087,33080,10,26,28,46,38,413
165R9,quote,150909,15:09:10.424865,,,,,,,,,,,,,,,,110.21,110.22,110.23,110.24,110.25,1055,1448,2661,2748,2788,23124,35,45,39,46,35,325,110.2,110.19,110.18,110.17,110.16,111,1011,2564,2725,2087,33080,10,26,28,46,38,413
165R9,quote,150909,15:09:10.799860,,,,,,,,,,,,,,,,110.21,110.22,110.23,110.24,110.25,1055,1448,2661,2748,2788,23124,35,45,39,46,35,325,110.2,110.19,110.18,110.17,110.16,211,1011,2564,2725,2087,33180,11,26,28,46,38,414
165R9,quote,150909,15:09:10.863689,,,,,,,,,,,,,,,,110.21,110.22,110.23,110.24,110.25,1055,1448,2661,2748,2788,23124,35,45,39,46,35,325,110.2,110.19,110.18,110.17,110.16,241,1011,2564,2725,2087,33210,12,26,28,46,38,415
165R9,quote,150910,15:09:12.056507,,,,,,,,,,,,,,,,110.21,110.22,110.23,110.24,110.25,1055,1448,2661,2748,2788,23124,35,45,39,46,35,325,110.2,110.19,110.18,110.17,110.16,241,1011,2564,2725,2087,33210,12,26,28,46,38,415
165R9,quote,150910,15:09:12.174191,,,,,,,,,,,,,,,,110.21,110.22,110.23,110.24,110.25,1055,1448,2661,2748,2788,23124,35,45,39,46,35,325,110.2,110.19,110.18,110.17,110.16,241,1011,2564,2725,2087,33210,12,26,28,46,38,415
165R9,quote,150911,15:09:12.299956,,,,,,,,,,,,,,,,110.21,110.22,110.23,110.24,110.25,1056,1448,2661,2748,2788,23125,36,45,39,46,35,326,110.2,110.19,110.18,110.17,110.16,241,1011,2564,2725,2087,33210,12,26,28,46,38,415
165R9,quote,150911,15:09:13.111681,,,,,,,,,,,,,,,,110.21,110.22,110.23,110.24,110.25,1056,1448,2661,2748,2788,23125,36,45,39,46,35,326,110.2,110.19,110.18,110.17,110.16,241,1011,2564,2725,2087,33210,12,26,28,46,38,415
165R9,quote,150912,15:09:14.114002,,,,,,,,,,,,,,,,110.21,110.22,110.23,110.24,110.25,1056,1448,2661,2748,2788,23125,36,45,39,46,35,326,110.2,110.19,110.18,110.17,110.16,341,1011,2564,2725,2087,33310,13,26,28,46,38,416
165R9,quote,150912,15:09:14.173128,,,,,,,,,,,,,,,,110.21,110.22,110.23,110.24,110.25,1056,1448,2661,2748,2788,23125,36,45,39,46,35,326,110.2,110.19,110.18,110.17,110.16,429,1011,2564,2725,2087,33398,14,26,28,46,38,417
165R9,quote,150913,15:09:14.362410,,,,,,,,,,,,,,,,110.21,110.22,110.23,110.24,110.25,1056,1453,2661,2748,2788,23130,36,46,39,46,35,327,110.2,110.19,110.18,110.17,110.16,429,1011,2564,2725,2087,33398,14,26,28,46,38,417
165R9,quote,150914,15:09:15.425587,,,,,,,,,,,,,,,,110.21,110.22,110.23,110.24,110.25,1056,1453,2661,2748,2788,23130,36,46,39,46,35,327,110.2,110.19,110.18,110.17,110.16,429,1011,2564,2725,2087,33398,14,26,28,46,38,417
165R9,quote,150914,15:09:15.800501,,,,,,,,,,,,,,,,110.21,110.22,110.23,110.24,110.25,1056,1453,2661,2748,2788,23130,36,46,39,46,35,327,110.2,110.19,110.18,110.17,110.16,429,1011,2564,2725,2087,33398,14,26,28,46,38,417
165R9,quote,150915,15:09:17.111990,,,,,,,,,,,,,,,,110.21,110.22,110.23,110.24,110.25,1056,1453,2661,2748,2788,23130,36,46,39,46,35,327,110.2,110.19,110.18,110.17,110.16,429,1011,2564,2725,2087,33398,14,26,28,46,38,417
165R9,quote,150915,15:09:17.174854,,,,,,,,,,,,,,,,110.21,110.22,110.23,110.24,110.25,1056,1453,2661,2748,2788,23130,36,46,39,46,35,327,110.2,110.19,110.18,110.17,110.16,429,1011,2564,2725,2087,33398,14,26,28,46,38,417
165R9,quote,150916,15:09:18.052479,,,,,,,,,,,,,,,,110.21,110.22,110.23,110.24,110.25,1056,1453,2661,2748,2788,23130,36,46,39,46,35,327,110.2,110.19,110.18,110.17,110.16,429,1011,2564,2725,2087,33398,14,26,28,46,38,417
165R9,quote,150918,15:09:19.677242,,,,,,,,,,,,,,,,110.21,110.22,110.23,110.24,110.25,1056,1453,2661,2748,2788,23130,36,46,39,46,35,327,110.2,110.19,110.18,110.17,110.16,429,1011,2564,2725,2087,33398,14,26,28,46,38,417
165R9,quote,150919,15:09:20.425166,,,,,,,,,,,,,,,,110.21,110.22,110.23,110.24,110.25,1056,1453,2661,2748,2788,23130,36,46,39,46,35,327,110.2,110.19,110.18,110.17,110.16,429,1011,2564,2725,2087,33398,14,26,28,46,38,417
165R9,quote,150919,15:09:20.798397,,,,,,,,,,,,,,,,110.21,110.22,110.23,110.24,110.25,1056,1453,2661,2748,2788,23130,36,46,39,46,35,327,110.2,110.19,110.18,110.17,110.16,429,1011,2564,2725,2087,33398,14,26,28,46,38,417
165R9,quote,150919,15:09:20.924827,,,,,,,,,,,,,,,,110.21,110.22,110.23,110.24,110.25,1056,1453,2661,2748,2788,23130,36,46,39,46,35,327,110.2,110.19,110.18,110.17,110.16,509,1011,2564,2725,2087,33478,15,26,28,46,38,418
165R9,quote,150920,15:09:22.049792,,,,,,,,,,,,,,,,110.21,110.22,110.23,110.24,110.25,1056,1453,2661,2748,2788,23130,36,46,39,46,35,327,110.2,110.19,110.18,110.17,110.16,509,1011,2564,2725,2087,33478,15,26,28,46,38,418
165R9,quote,150920,15:09:22.175454,,,,,,,,,,,,,,,,110.21,110.22,110.23,110.24,110.25,1056,1453,2661,2748,2788,23130,36,46,39,46,35,327,110.2,110.19,110.18,110.17,110.16,509,1011,2564,2725,2087,33478,15,26,28,46,38,418
165R9,quote,150921,15:09:23.113218,,,,,,,,,,,,,,,,110.21,110.22,110.23,110.24,110.25,1056,1453,2661,2748,2788,23130,36,46,39,46,35,327,110.2,110.19,110.18,110.17,110.16,509,1011,2564,2725,2087,33478,15,26,28,46,38,418
165R9,quote,150923,15:09:24.362660,,,,,,,,,,,,,,,,110.21,110.22,110.23,110.24,110.25,1057,1453,2661,2748,2788,23131,37,46,39,46,35,328,110.2,110.19,110.18,110.17,110.16,509,1011,2564,2725,2087,33478,15,26,28,46,38,418
165R9,quote,150923,15:09:24.676775,,,,,,,,,,,,,,,,110.21,110.22,110.23,110.24,110.25,1057,1453,2661,2748,2788,23131,37,46,39,46,35,328,110.2,110.19,110.18,110.17,110.16,509,1011,2564,2725,2087,33478,15,26,28,46,38,418
165R9,quote,150924,15:09:25.427768,,,,,,,,,,,,,,,,110.21,110.22,110.23,110.24,110.25,1057,1453,2661,2748,2788,23131,37,46,39,46,35,328,110.2,110.19,110.18,110.17,110.16,509,1011,2564,2725,2087,33478,15,26,28,46,38,418
165R9,quote,150925,15:09:27.050692,,,,,,,,,,,,,,,,110.21,110.22,110.23,110.24,110.25,1057,1453,2661,2748,2788,23131,37,46,39,46,35,328,110.2,110.19,110.18,110.17,110.16,509,1011,2564,2725,2087,33478,15,26,28,46,38,418
165R9,quote,150925,15:09:27.176091,,,,,,,,,,,,,,,,110.21,110.22,110.23,110.24,110.25,1057,1453,2661,2748,2788,23131,37,46,39,46,35,328,110.2,110.19,110.18,110.17,110.16,509,1011,2564,2725,2087,33478,15,26,28,46,38,418
165R9,quote,150926,15:09:28.110592,,,,,,,,,,,,,,,,110.21,110.22,110.23,110.24,110.25,1057,1453,2661,2748,2788,23131,37,46,39,46,35,328,110.2,110.19,110.18,110.17,110.16,509,1011,2564,2725,2087,33478,15,26,28,46,38,418
165R9,quote,150929,15:09:30.425404,,,,,,,,,,,,,,,,110.21,110.22,110.23,110.24,110.25,1057,1453,2661,2748,2788,23131,37,46,39,46,35,328,110.2,110.19,110.18,110.17,110.16,509,1011,2564,2725,2087,33478,15,26,28,46,38,418
165R9,quote,150930,15:09:32.050160,,,,,,,,,,,,,,,,110.21,110.22,110.23,110.24,110.25,1057,1453,2661,2748,2788,23131,37,46,39,46,35,328,110.2,110.19,110.18,110.17,110.16,509,1011,2564,2725,2087,33478,15,26,28,46,38,418
165R9,quote,150930,15:09:32.174018,,,,,,,,,,,,,,,,110.21,110.22,110.23,110.24,110.25,1057,1453,2661,2748,2788,23131,37,46,39,46,35,328,110.2,110.19,110.18,110.17,110.16,509,1011,2564,2725,2087,33478,15,26,28,46,38,418
165R9,quote,150930,15:09:32.237562,,,,,,,,,,,,,,,,110.21,110.22,110.23,110.24,110.25,1057,1453,2661,2748,2788,23131,37,46,39,46,35,328,110.2,110.19,110.18,110.17,110.16,509,1011,2564,2725,2087,33478,15,26,28,46,38,418
165R9,quote,150931,15:09:33.110285,,,,,,,,,,,,,,,,110.21,110.22,110.23,110.24,110.25,1057,1453,2661,2748,2788,23131,37,46,39,46,35,328,110.2,110.19,110.18,110.17,110.16,509,1011,2564,2725,2087,33478,15,26,28,46,38,418
165R9,quote,150934,15:09:35.427065,,,,,,,,,,,,,,,,110.21,110.22,110.23,110.24,110.25,1057,1453,2661,2748,2788,23131,37,46,39,46,35,328,110.2,110.19,110.18,110.17,110.16,509,1011,2564,2725,2087,33478,15,26,28,46,38,418
165R9,quote,150935,15:09:36.861261,,,,,,,,,,,,,,,,110.21,110.22,110.23,110.24,110.25,1057,1453,2661,2748,2788,23131,37,46,39,46,35,328,110.2,110.19,110.18,110.17,110.16,509,1011,2564,2725,2087,33478,15,26,28,46,38,418
165R9,quote,150935,15:09:37.051693,,,,,,,,,,,,,,,,110.21,110.22,110.23,110.24,110.25,1057,1453,2661,2748,2788,23131,37,46,39,46,35,328,110.2,110.19,110.18,110.17,110.16,509,1011,2564,2725,2087,33478,15,26,28,46,38,418
165R9,quote,150935,15:09:37.111534,,,,,,,,,,,,,,,,110.21,110.22,110.23,110.24,110.25,1057,1453,2661,2748,2788,23131,37,46,39,46,35,328,110.2,110.19,110.18,110.17,110.16,770,1011,2564,2725,2087,33739,16,26,28,46,38,419
165R9,quote,150935,15:09:37.176386,,,,,,,,,,,,,,,,110.21,110.22,110.23,110.24,110.25,1057,1453,2661,2748,2788,23131,37,46,39,46,35,328,110.2,110.19,110.18,110.17,110.16,770,1011,2564,2725,2087,33739,16,26,28,46,38,419
165R9,quote,150935,15:09:37.237197,,,,,,,,,,,,,,,,110.21,110.22,110.23,110.24,110.25,1057,1453,2661,2748,2788,23131,37,46,39,46,35,328,110.2,110.19,110.18,110.17,110.16,770,1011,2564,2725,2087,33739,16,26,28,46,38,419
165R9,quote,150936,15:09:37.298142,,,,,,,,,,,,,,,,110.21,110.22,110.23,110.24,110.25,1058,1453,2661,2748,2788,23132,38,46,39,46,35,329,110.2,110.19,110.18,110.17,110.16,770,1011,2564,2725,2087,33739,16,26,28,46,38,419
165R9,quote,150936,15:09:37.926358,,,,,,,,,,,,,,,,110.21,110.22,110.23,110.24,110.25,1058,1453,2661,2748,2788,23132,38,46,39,46,35,329,110.2,110.19,110.18,110.17,110.16,770,1011,2564,2725,2087,33739,16,26,28,46,38,419
165R9,quote,150936,15:09:38.110864,,,,,,,,,,,,,,,,110.21,110.22,110.23,110.24,110.25,1058,1453,2661,2748,2788,23132,38,46,39,46,35,329,110.2,110.19,110.18,110.17,110.16,770,1011,2564,2725,2087,33739,16,26,28,46,38,419
165R9,quote,150939,15:09:40.423686,,,,,,,,,,,,,,,,110.21,110.22,110.23,110.24,110.25,1058,1453,2661,2748,2788,23132,38,46,39,46,35,329,110.2,110.19,110.18,110.17,110.16,770,1011,2564,2725,2087,33739,16,26,28,46,38,419
165R9,quote,150940,15:09:42.047668,,,,,,,,,,,,,,,,110.21,110.22,110.23,110.24,110.25,1058,1453,2661,2748,2788,23132,38,46,39,46,35,329,110.2,110.19,110.18,110.17,110.16,770,1011,2564,2725,2087,33739,16,26,28,46,38,419
165R9,quote,150940,15:09:42.173317,,,,,,,,,,,,,,,,110.21,110.22,110.23,110.24,110.25,1058,1453,2661,2748,2788,23132,38,46,39,46,35,329,110.2,110.19,110.18,110.17,110.16,770,1011,2564,2725,2087,33739,16,26,28,46,38,419
165R9,quote,150941,15:09:43.049687,,,,,,,,,,,,,,,,110.21,110.22,110.23,110.24,110.25,1058,1453,2661,2748,2788,23132,38,46,39,46,35,329,110.2,110.19,110.18,110.17,110.16,770,1011,2564,2725,2087,33739,16,26,28,46,38,419
165R9,quote,150943,15:09:45.173068,,,,,,,,,,,,,,,,110.21,110.22,110.23,110.24,110.25,1058,1453,2661,2748,2788,23132,38,46,39,46,35,329,110.2,110.19,110.18,110.17,110.16,770,1011,2564,2725,2087,33739,16,26,28,46,38,419
165R9,quote,150944,15:09:45.424315,,,,,,,,,,,,,,,,110.21,110.22,110.23,110.24,110.25,1058,1453,2661,2748,2788,23132,38,46,39,46,35,329,110.2,110.19,110.18,110.17,110.16,770,1011,2564,2725,2087,33739,16,26,28,46,38,419
165R9,quote,150944,15:09:45.800315,,,,,,,,,,,,,,,,110.21,110.22,110.23,110.24,110.25,1058,1453,2661,2748,2788,23132,38,46,39,46,35,329,110.2,110.19,110.18,110.17,110.16,770,1011,2564,2725,2087,33739,16,26,28,46,38,419
165R9,quote,150944,15:09:45.986811,,,,,,,,,,,,,,,,110.21,110.22,110.23,110.24,110.25,1058,1453,2661,2748,2788,23132,38,46,39,46,35,329,110.2,110.19,110.18,110.17,110.16,509,1011,2564,2725,2087,33478,15,26,28,46,38,418
165R9,quote,150945,15:09:47.049973,,,,,,,,,,,,,,,,110.21,110.22,110.23,110.24,110.25,1058,1453,2661,2748,2788,23132,38,46,39,46,35,329,110.2,110.19,110.18,110.17,110.16,509,1011,2564,2725,2087,33478,15,26,28,46,38,418
165R9,quote,150945,15:09:47.173641,,,,,,,,,,,,,,,,110.21,110.22,110.23,110.24,110.25,1058,1453,2661,2748,2788,23132,38,46,39,46,35,329,110.2,110.19,110.18,110.17,110.16,509,1011,2564,2725,2087,33478,15,26,28,46,38,418
165R9,quote,150946,15:09:47.485804,,,,,,,,,,,,,,,,110.21,110.22,110.23,110.24,110.25,1058,1453,2661,2748,2788,23132,38,46,39,46,35,329,110.2,110.19,110.18,110.17,110.16,510,1011,2564,2725,2087,33479,16,26,28,46,38,419
165R9,quote,150946,15:09:48.113133,,,,,,,,,,,,,,,,110.21,110.22,110.23,110.24,110.25,1058,1453,2661,2748,2788,23132,38,46,39,46,35,329,110.2,110.19,110.18,110.17,110.16,510,1011,2564,2725,2087,33479,16,26,28,46,38,419
165R9,quote,150949,15:09:50.299316,,,,,,,,,,,,,,,,110.21,110.22,110.23,110.24,110.25,1059,1453,2661,2748,2788,23133,39,46,39,46,35,330,110.2,110.19,110.18,110.17,110.16,510,1011,2564,2725,2087,33479,16,26,28,46,38,419
165R9,quote,150949,15:09:50.425036,,,,,,,,,,,,,,,,110.21,110.22,110.23,110.24,110.25,1059,1453,2661,2748,2788,23133,39,46,39,46,35,330,110.2,110.19,110.18,110.17,110.16,510,1011,2564,2725,2087,33479,16,26,28,46,38,419
165R9,quote,150949,15:09:50.486874,,,,,,,,,,,,,,,,110.21,110.22,110.23,110.24,110.25,1059,1453,2661,2748,2788,23133,39,46,39,46,35,330,110.2,110.19,110.18,110.17,110.16,510,1011,2564,2725,2087,33479,16,26,28,46,38,419
165R9,quote,150949,15:09:50.611725,,,,,,,,,,,,,,,,110.21,110.22,110.23,110.24,110.25,1059,1453,2661,2748,2788,23133,39,46,39,46,35,330,110.2,110.19,110.18,110.17,110.16,510,1011,2564,2725,2087,33479,16,26,28,46,38,419
165R9,quote,150949,15:09:50.862783,,,,,,,,,,,,,,,,110.21,110.22,110.23,110.24,110.25,1059,1453,2661,2748,2788,23133,39,46,39,46,35,330,110.2,110.19,110.18,110.17,110.16,510,1011,2564,2725,2087,33479,16,26,28,46,38,419
165R9,quote,150950,15:09:52.050856,,,,,,,,,,,,,,,,110.21,110.22,110.23,110.24,110.25,1059,1453,2661,2748,2788,23133,39,46,39,46,35,330,110.2,110.19,110.18,110.17,110.16,510,1011,2564,2725,2087,33479,16,26,28,46,38,419
165R9,quote,150950,15:09:52.177302,,,,,,,,,,,,,,,,110.21,110.22,110.23,110.24,110.25,1059,1453,2661,2748,2788,23133,39,46,39,46,35,330,110.2,110.19,110.18,110.17,110.16,510,1011,2564,2725,2087,33479,16,26,28,46,38,419
165R9,quote,150951,15:09:53.110771,,,,,,,,,,,,,,,,110.21,110.22,110.23,110.24,110.25,1059,1453,2661,2748,2788,23133,39,46,39,46,35,330,110.2,110.19,110.18,110.17,110.16,510,1011,2564,2725,2087,33479,16,26,28,46,38,419
165R9,quote,150954,15:09:55.487448,,,,,,,,,,,,,,,,110.21,110.22,110.23,110.24,110.25,1059,1453,2661,2748,2788,23133,39,46,39,46,35,330,110.2,110.19,110.18,110.17,110.16,510,1011,2564,2725,2087,33479,16,26,28,46,38,419
165R9,quote,150954,15:09:55.488415,,,,,,,,,,,,,,,,110.21,110.22,110.23,110.24,110.25,1059,1453,2661,2748,2788,23133,39,46,39,46,35,330,110.2,110.19,110.18,110.17,110.16,510,1011,2564,2725,2087,33479,16,26,28,46,38,419
165R9,quote,150954,15:09:55.798586,,,,,,,,,,,,,,,,110.21,110.22,110.23,110.24,110.25,1059,1453,2661,2748,2788,23133,39,46,39,46,35,330,110.2,110.19,110.18,110.17,110.16,510,1011,2564,2725,2087,33479,16,26,28,46,38,419
165R9,quote,150955,15:09:57.051243,,,,,,,,,,,,,,,,110.21,110.22,110.23,110.24,110.25,1059,1453,2661,2748,2788,23133,39,46,39,46,35,330,110.2,110.19,110.18,110.17,110.16,510,1011,2564,2725,2087,33479,16,26,28,46,38,419
165R9,quote,150955,15:09:57.176989,,,,,,,,,,,,,,,,110.21,110.22,110.23,110.24,110.25,1059,1453,2661,2748,2788,23133,39,46,39,46,35,330,110.2,110.19,110.18,110.17,110.16,510,1011,2564,2725,2087,33479,16,26,28,46,38,419
165R9,quote,150956,15:09:57.799504,,,,,,,,,,,,,,,,110.21,110.22,110.23,110.24,110.25,1059,1453,2661,2748,2788,23133,39,46,39,46,35,330,110.2,110.19,110.18,110.17,110.16,510,1011,2664,2725,2087,33579,16,26,29,46,38,420
165R9,quote,150956,15:09:58.110408,,,,,,,,,,,,,,,,110.21,110.22,110.23,110.24,110.25,1059,1453,2661,2748,2788,23133,39,46,39,46,35,330,110.2,110.19,110.18,110.17,110.16,510,1011,2664,2725,2087,33579,16,26,29,46,38,420
165R9,quote,150959,15:10:00.429212,,,,,,,,,,,,,,,,110.21,110.22,110.23,110.24,110.25,1059,1453,2661,2748,2788,23133,39,46,39,46,35,330,110.2,110.19,110.18,110.17,110.16,510,1011,2664,2725,2087,33579,16,26,29,46,38,420
165R9,quote,150959,15:10:00.487055,,,,,,,,,,,,,,,,110.21,110.22,110.23,110.24,110.25,1059,1453,2661,2748,2788,23133,39,46,39,46,35,330,110.2,110.19,110.18,110.17,110.16,510,1011,2664,2725,2087,33579,16,26,29,46,38,420
165R9,quote,150959,15:10:00.800228,,,,,,,,,,,,,,,,110.21,110.22,110.23,110.24,110.25,1059,1453,2661,2748,2788,23133,39,46,39,46,35,330,110.2,110.19,110.18,110.17,110.16,510,1011,2664,2725,2087,33579,16,26,29,46,38,420
165R9,quote,151000,15:10:02.047883,,,,,,,,,,,,,,,,110.21,110.22,110.23,110.24,110.25,1059,1453,2661,2748,2788,23133,39,46,39,46,35,330,110.2,110.19,110.18,110.17,110.16,510,1011,2664,2725,2087,33579,16,26,29,46,38,420
165R9,quote,151000,15:10:02.175544,,,,,,,,,,,,,,,,110.21,110.22,110.23,110.24,110.25,1059,1453,2661,2748,2788,23133,39,46,39,46,35,330,110.2,110.19,110.18,110.17,110.16,510,1011,2664,2725,2087,33579,16,26,29,46,38,420
165R9,quote,151001,15:10:02.496684,,,,,,,,,,,,,,,,110.21,110.22,110.23,110.24,110.25,1059,1453,2661,2748,2788,23133,39,46,39,46,35,330,110.2,110.19,110.18,110.17,110.16,422,1011,2664,2725,2087,33491,15,26,29,46,38,419
165R9,quote,151001,15:10:02.553561,,,,,,,,,,,,,,,,110.21,110.22,110.23,110.24,110.25,1040,1453,2661,2748,2788,23114,38,46,39,46,35,329,110.2,110.19,110.18,110.17,110.16,422,1011,2664,2725,2087,33491,15,26,29,46,38,419
165R9,quote,151001,15:10:02.554559,,,,,,,,,,,,,,,,110.21,110.22,110.23,110.24,110.25,1033,1453,2661,2748,2788,23107,37,46,39,46,35,328,110.2,110.19,110.18,110.17,110.16,422,1011,2664,2725,2087,33491,15,26,29,46,38,419
165R9,quote,151001,15:10:02.555554,,,,,,,,,,,,,,,,110.21,110.22,110.23,110.24,110.25,1021,1453,2661,2748,2788,23095,36,46,39,46,35,327,110.2,110.19,110.18,110.17,110.16,422,1011,2664,2725,2087,33491,15,26,29,46,38,419
165R9,quote,151001,15:10:02.557548,,,,,,,,,,,,,,,,110.21,110.22,110.23,110.24,110.25,1022,1453,2661,2748,2788,23096,37,46,39,46,35,328,110.2,110.19,110.18,110.17,110.16,422,1011,2664,2725,2087,33491,15,26,29,46,38,419
165R9,quote,151001,15:10:02.617361,,,,,,,,,,,,,,,,110.21,110.22,110.23,110.24,110.25,1022,1453,2661,2748,2788,23096,37,46,39,46,35,328,110.2,110.19,110.18,110.17,110.16,510,1011,2664,2725,2087,33579,16,26,29,46,38,420
165R9,quote,151001,15:10:03.112040,,,,,,,,,,,,,,,,110.21,110.22,110.23,110.24,110.25,1022,1453,2661,2748,2788,23096,37,46,39,46,35,328,110.2,110.19,110.18,110.17,110.16,510,1011,2664,2725,2087,33579,16,26,29,46,38,420
165R9,quote,151002,15:10:03.427244,,,,,,,,,,,,,,,,110.21,110.22,110.23,110.24,110.25,1023,1453,2661,2748,2788,23097,38,46,39,46,35,329,110.2,110.19,110.18,110.17,110.16,510,1011,2664,2725,2087,33579,16,26,29,46,38,420
165R9,quote,151004,15:10:05.440906,,,,,,,,,,,,,,,,110.21,110.22,110.23,110.24,110.25,1023,1453,2661,2748,2788,23097,38,46,39,46,35,329,110.2,110.19,110.18,110.17,110.16,510,1011,2664,2725,2087,33579,16,26,29,46,38,420
165R9,quote,151005,15:10:07.064505,,,,,,,,,,,,,,,,110.21,110.22,110.23,110.24,110.25,1023,1453,2661,2748,2788,23097,38,46,39,46,35,329,110.2,110.19,110.18,110.17,110.16,510,1011,2664,2725,2087,33579,16,26,29,46,38,420
165R9,quote,151005,15:10:07.189142,,,,,,,,,,,,,,,,110.21,110.22,110.23,110.24,110.25,1023,1453,2661,2748,2788,23097,38,46,39,46,35,329,110.2,110.19,110.18,110.17,110.16,510,1011,2664,2725,2087,33579,16,26,29,46,38,420
165R9,quote,151006,15:10:08.065872,,,,,,,,,,,,,,,,110.21,110.22,110.23,110.24,110.25,1023,1453,2661,2748,2788,23097,38,46,39,46,35,329,110.2,110.19,110.18,110.17,110.16,510,1011,2664,2725,2087,33579,16,26,29,46,38,420
165R9,quote,151007,15:10:08.440056,,,,,,,,,,,,,,,,110.21,110.22,110.23,110.24,110.25,1023,1453,2661,2748,2788,23097,38,46,39,46,35,329,110.2,110.19,110.18,110.17,110.16,510,1011,2664,2725,2087,33579,16,26,29,46,38,420
165R9,quote,151009,15:10:10.503284,,,,,,,,,,,,,,,,110.21,110.22,110.23,110.24,110.25,1023,1453,2661,2748,2788,23097,38,46,39,46,35,329,110.2,110.19,110.18,110.17,110.16,510,1011,2664,2725,2087,33579,16,26,29,46,38,420
165R9,quote,151010,15:10:11.940452,,,,,,,,,,,,,,,,110.21,110.22,110.23,110.24,110.25,973,1453,2661,2748,2788,23047,37,46,39,46,35,328,110.2,110.19,110.18,110.17,110.16,510,1011,2664,2725,2087,33579,16,26,29,46,38,420
165R9,quote,151010,15:10:12.064112,,,,,,,,,,,,,,,,110.21,110.22,110.23,110.24,110.25,973,1453,2661,2748,2788,23047,37,46,39,46,35,328,110.2,110.19,110.18,110.17,110.16,510,1011,2664,2725,2087,33579,16,26,29,46,38,420
165R9,quote,151010,15:10:12.190048,,,,,,,,,,,,,,,,110.21,110.22,110.23,110.24,110.25,973,1453,2661,2748,2788,23047,37,46,39,46,35,328,110.2,110.19,110.18,110.17,110.16,510,1011,2664,2725,2087,33579,16,26,29,46,38,420
165R9,quote,151011,15:10:13.063441,,,,,,,,,,,,,,,,110.21,110.22,110.23,110.24,110.25,973,1453,2661,2748,2788,23047,37,46,39,46,35,328,110.2,110.19,110.18,110.17,110.16,510,1011,2664,2725,2087,33579,16,26,29,46,38,420
165R9,quote,151012,15:10:14.316093,,,,,,,,,,,,,,,,110.21,110.22,110.23,110.24,110.25,973,1453,2661,2748,2788,23047,37,46,39,46,35,328,110.2,110.19,110.18,110.17,110.16,422,1011,2664,2725,2087,33491,15,26,29,46,38,419
165R9,quote,151013,15:10:14.635240,,,,,,,,,,,,,,,,110.21,110.22,110.23,110.24,110.25,973,1453,2661,2748,2788,23047,37,46,39,46,35,328,110.2,110.19,110.18,110.17,110.16,510,1011,2664,2725,2087,33579,16,26,29,46,38,420
165R9,quote,151014,15:10:15.314429,,,,,,,,,,,,,,,,110.21,110.22,110.23,110.24,110.25,974,1453,2661,2748,2788,23048,38,46,39,46,35,329,110.2,110.19,110.18,110.17,110.16,510,1011,2664,2725,2087,33579,16,26,29,46,38,420
165R9,quote,151014,15:10:15.439092,,,,,,,,,,,,,,,,110.21,110.22,110.23,110.24,110.25,974,1453,2661,2748,2788,23048,38,46,39,46,35,329,110.2,110.19,110.18,110.17,110.16,510,1011,2664,2725,2087,33579,16,26,29,46,38,420
165R9,quote,151014,15:10:15.879178,,,,,,,,,,,,,,,,110.21,110.22,110.23,110.24,110.25,974,1453,2661,2748,2788,23048,38,46,39,46,35,329,110.2,110.19,110.18,110.17,110.16,510,1011,2664,2725,2087,33579,16,26,29,46,38,420
165R9,quote,151014,15:10:16.191082,,,,,,,,,,,,,,,,110.21,110.22,110.23,110.24,110.25,974,1453,2661,2748,2788,23048,38,46,39,46,35,329,110.2,110.19,110.18,110.17,110.16,422,1011,2664,2725,2087,33491,15,26,29,46,38,419
165R9,quote,151014,15:10:16.254001,,,,,,,,,,,,,,,,110.21,110.22,110.23,110.24,110.25,974,1453,2661,2748,2788,23048,38,46,39,46,35,329,110.2,110.19,110.18,110.17,110.16,510,1011,2664,2725,2087,33579,16,26,29,46,38,420
165R9,quote,151015,15:10:17.003911,,,,,,,,,,,,,,,,110.21,110.22,110.23,110.24,110.25,974,1453,2661,2748,2788,23048,38,46,39,46,35,329,110.2,110.19,110.18,110.17,110.16,510,1011,2664,2725,2087,33579,16,26,29,46,38,420
165R9,quote,151015,15:10:17.190412,,,,,,,,,,,,,,,,110.21,110.22,110.23,110.24,110.25,974,1453,2661,2748,2788,23048,38,46,39,46,35,329,110.2,110.19,110.18,110.17,110.16,510,1011,2664,2725,2087,33579,16,26,29,46,38,420
165R9,quote,151016,15:10:18.064104,,,,,,,,,,,,,,,,110.21,110.22,110.23,110.24,110.25,974,1453,2661,2748,2788,23048,38,46,39,46,35,329,110.2,110.19,110.18,110.17,110.16,510,1011,2664,2725,2087,33579,16,26,29,46,38,420
165R9,quote,151017,15:10:18.563744,,,,,,,,,,,,,,,,110.21,110.22,110.23,110.24,110.25,974,1453,2661,2748,2788,23048,38,46,39,46,35,329,110.2,110.19,110.18,110.17,110.16,510,1011,2664,2725,2087,33579,16,26,29,46,38,420
165R9,quote,151019,15:10:20.442718,,,,,,,,,,,,,,,,110.21,110.22,110.23,110.24,110.25,974,1453,2661,2748,2788,23048,38,46,39,46,35,329,110.2,110.19,110.18,110.17,110.16,510,1011,2664,2725,2087,33579,16,26,29,46,38,420
165R9,quote,151020,15:10:21.816078,,,,,,,,,,,,,,,,110.21,110.22,110.23,110.24,110.25,974,1453,2661,2748,2788,23048,38,46,39,46,35,329,110.2,110.19,110.18,110.17,110.16,510,1011,2664,2725,2087,33579,16,26,29,46,38,420
165R9,quote,151020,15:10:22.004543,,,,,,,,,,,,,,,,110.21,110.22,110.23,110.24,110.25,974,1453,2661,2748,2788,23048,38,46,39,46,35,329,110.2,110.19,110.18,110.17,110.16,510,1011,2664,2725,2087,33579,16,26,29,46,38,420
165R9,quote,151020,15:10:22.191046,,,,,,,,,,,,,,,,110.21,110.22,110.23,110.24,110.25,974,1453,2661,2748,2788,23048,38,46,39,46,35,329,110.2,110.19,110.18,110.17,110.16,510,1011,2664,2725,2087,33579,16,26,29,46,38,420
165R9,quote,151021,15:10:23.067702,,,,,,,,,,,,,,,,110.21,110.22,110.23,110.24,110.25,974,1453,2661,2748,2788,23048,38,46,39,46,35,329,110.2,110.19,110.18,110.17,110.16,510,1011,2664,2725,2087,33579,16,26,29,46,38,420
165R9,quote,151023,15:10:24.875868,,,,,,,,,,,,,,,,110.21,110.22,110.23,110.24,110.25,974,1453,2661,2748,2788,23048,38,46,39,46,35,329,110.2,110.19,110.18,110.17,110.16,510,1011,2664,2725,2087,33579,16,26,29,46,38,420
165R9,quote,151023,15:10:24.940696,,,,,,,,,,,,,,,,110.21,110.22,110.23,110.24,110.25,974,1453,2661,2748,2788,23048,38,46,39,46,35,329,110.2,110.19,110.18,110.17,110.16,510,1011,2664,2725,2087,33579,16,26,29,46,38,420
165R9,quote,151024,15:10:25.438452,,,,,,,,,,,,,,,,110.21,110.22,110.23,110.24,110.25,974,1453,2661,2748,2788,23048,38,46,39,46,35,329,110.2,110.19,110.18,110.17,110.16,510,1011,2664,2725,2087,33579,16,26,29,46,38,420
165R9,quote,151025,15:10:26.816787,,,,,,,,,,,,,,,,110.21,110.22,110.23,110.24,110.25,974,1453,2661,2748,2788,23048,38,46,39,46,35,329,110.2,110.19,110.18,110.17,110.16,510,1011,2664,2725,2087,33579,16,26,29,46,38,420
165R9,quote,151025,15:10:27.004269,,,,,,,,,,,,,,,,110.21,110.22,110.23,110.24,110.25,974,1453,2661,2748,2788,23048,38,46,39,46,35,329,110.2,110.19,110.18,110.17,110.16,510,1011,2664,2725,2087,33579,16,26,29,46,38,420
165R9,quote,151025,15:10:27.191944,,,,,,,,,,,,,,,,110.21,110.22,110.23,110.24,110.25,974,1453,2661,2748,2788,23048,38,46,39,46,35,329,110.2,110.19,110.18,110.17,110.16,510,1011,2664,2725,2087,33579,16,26,29,46,38,420
165R9,quote,151026,15:10:28.066603,,,,,,,,,,,,,,,,110.21,110.22,110.23,110.24,110.25,974,1453,2661,2748,2788,23048,38,46,39,46,35,329,110.2,110.19,110.18,110.17,110.16,510,1011,2664,2725,2087,33579,16,26,29,46,38,420
165R9,quote,151027,15:10:28.314678,,,,,,,,,,,,,,,,110.21,110.22,110.23,110.24,110.25,975,1453,2661,2748,2788,23049,39,46,39,46,35,330,110.2,110.19,110.18,110.17,110.16,510,1011,2664,2725,2087,33579,16,26,29,46,38,420
165R9,quote,151028,15:10:29.939419,,,,,,,,,,,,,,,,110.21,110.22,110.23,110.24,110.25,975,1453,2661,2748,2788,23049,39,46,39,46,35,330,110.2,110.19,110.18,110.17,110.16,510,1011,2664,2725,2087,33579,16,26,29,46,38,420
165R9,trade,151028,15:10:29.940359,110.2,110.23,110.24,110.15,110.21,110.2,975,505,-0.05,126742,126742,63827,62915,2,2,,,,,,,,,,,,,,,,,,,,,,,,,,,,,,,,,,
165R9,quote,151028,15:10:29.941331,,,,,,,,,,,,,,,,110.21,110.22,110.23,110.24,110.25,975,1453,2661,2748,2788,23049,39,46,39,46,35,330,110.2,110.19,110.18,110.17,110.16,505,1011,2664,2725,2087,33574,16,26,29,46,38,420
165R9,quote,151029,15:10:30.441992,,,,,,,,,,,,,,,,110.21,110.22,110.23,110.24,110.25,975,1453,2661,2748,2788,23049,39,46,39,46,35,330,110.2,110.19,110.18,110.17,110.16,505,1011,2664,2725,2087,33574,16,26,29,46,38,420
165R9,quote,151030,15:10:32.063658,,,,,,,,,,,,,,,,110.21,110.22,110.23,110.24,110.25,975,1453,2661,2748,2788,23049,39,46,39,46,35,330,110.2,110.19,110.18,110.17,110.16,505,1011,2664,2725,2087,33574,16,26,29,46,38,420
165R9,quote,151030,15:10:32.190324,,,,,,,,,,,,,,,,110.21,110.22,110.23,110.24,110.25,975,1453,2661,2748,2788,23049,39,46,39,46,35,330,110.2,110.19,110.18,110.17,110.16,505,1011,2664,2725,2087,33574,16,26,29,46,38,420
165R9,quote,151031,15:10:33.063984,,,,,,,,,,,,,,,,110.21,110.22,110.23,110.24,110.25,975,1453,2661,2748,2788,23049,39,46,39,46,35,330,110.2,110.19,110.18,110.17,110.16,505,1011,2664,2725,2087,33574,16,26,29,46,38,420
165R9,quote,151034,15:10:35.438665,,,,,,,,,,,,,,,,110.21,110.22,110.23,110.24,110.25,975,1453,2661,2748,2788,23049,39,46,39,46,35,330,110.2,110.19,110.18,110.17,110.16,505,1011,2664,2725,2087,33574,16,26,29,46,38,420
165R9,quote,151035,15:10:36.564889,,,,,,,,,,,,,,,,110.21,110.22,110.23,110.24,110.25,975,1453,2661,2748,2788,23049,39,46,39,46,35,330,110.2,110.19,110.18,110.17,110.16,505,1211,2664,2725,2087,33774,16,27,29,46,38,421
165R9,quote,151035,15:10:37.063298,,,,,,,,,,,,,,,,110.21,110.22,110.23,110.24,110.25,975,1453,2661,2748,2788,23049,39,46,39,46,35,330,110.2,110.19,110.18,110.17,110.16,505,1211,2664,2725,2087,33774,16,27,29,46,38,421
165R9,quote,151035,15:10:37.064292,,,,,,,,,,,,,,,,110.21,110.22,110.23,110.24,110.25,975,1453,2661,2748,2788,23049,39,46,39,46,35,330,110.2,110.19,110.18,110.17,110.16,505,1211,2664,2725,2087,33774,16,27,29,46,38,421
165R9,quote,151035,15:10:37.064292,,,,,,,,,,,,,,,,110.21,110.22,110.23,110.24,110.25,975,1453,2661,2748,2788,23049,39,46,39,46,35,330,110.2,110.19,110.18,110.17,110.16,505,1211,2664,2725,2087,33774,16,27,29,46,38,421
165R9,quote,151035,15:10:37.190953,,,,,,,,,,,,,,,,110.21,110.22,110.23,110.24,110.25,975,1453,2661,2748,2788,23049,39,46,39,46,35,330,110.2,110.19,110.18,110.17,110.16,505,1211,2664,2725,2087,33774,16,27,29,46,38,421
165R9,quote,151036,15:10:37.378742,,,,,,,,,,,,,,,,110.21,110.22,110.23,110.24,110.25,975,1453,2661,2748,2788,23049,39,46,39,46,35,330,110.2,110.19,110.18,110.17,110.16,505,1211,2664,2725,2087,33774,16,27,29,46,38,421
165R9,quote,151036,15:10:38.066721,,,,,,,,,,,,,,,,110.21,110.22,110.23,110.24,110.25,975,1453,2661,2748,2788,23049,39,46,39,46,35,330,110.2,110.19,110.18,110.17,110.16,505,1211,2664,2725,2087,33774,16,27,29,46,38,421
165R9,quote,151037,15:10:38.440893,,,,,,,,,,,,,,,,110.21,110.22,110.23,110.24,110.25,975,1453,2661,2748,2788,23049,39,46,39,46,35,330,110.2,110.19,110.18,110.17,110.16,506,1211,2664,2725,2087,33775,17,27,29,46,38,422
165R9,quote,151039,15:10:40.438534,,,,,,,,,,,,,,,,110.21,110.22,110.23,110.24,110.25,975,1453,2661,2748,2788,23049,39,46,39,46,35,330,110.2,110.19,110.18,110.17,110.16,506,1211,2664,2725,2087,33775,17,27,29,46,38,422
165R9,quote,151040,15:10:41.313934,,,,,,,,,,,,,,,,110.21,110.22,110.23,110.24,110.25,976,1453,2661,2748,2788,23050,40,46,39,46,35,331,110.2,110.19,110.18,110.17,110.16,506,1211,2664,2725,2087,33775,17,27,29,46,38,422
165R9,quote,151040,15:10:42.064929,,,,,,,,,,,,,,,,110.21,110.22,110.23,110.24,110.25,976,1453,2661,2748,2788,23050,40,46,39,46,35,331,110.2,110.19,110.18,110.17,110.16,506,1211,2664,2725,2087,33775,17,27,29,46,38,422
165R9,quote,151040,15:10:42.188685,,,,,,,,,,,,,,,,110.21,110.22,110.23,110.24,110.25,976,1453,2661,2748,2788,23050,40,46,39,46,35,331,110.2,110.19,110.18,110.17,110.16,506,1211,2664,2725,2087,33775,17,27,29,46,38,422
165R9,quote,151041,15:10:42.316255,,,,,,,,,,,,,,,,110.21,110.22,110.23,110.24,110.25,977,1453,2661,2748,2788,23051,41,46,39,46,35,332,110.2,110.19,110.18,110.17,110.16,506,1211,2664,2725,2087,33775,17,27,29,46,38,422
165R9,quote,151041,15:10:43.063502,,,,,,,,,,,,,,,,110.21,110.22,110.23,110.24,110.25,977,1453,2661,2748,2788,23051,41,46,39,46,35,332,110.2,110.19,110.18,110.17,110.16,506,1211,2664,2725,2087,33775,17,27,29,46,38,422
165R9,quote,151044,15:10:45.440997,,,,,,,,,,,,,,,,110.21,110.22,110.23,110.24,110.25,977,1453,2661,2748,2788,23051,41,46,39,46,35,332,110.2,110.19,110.18,110.17,110.16,506,1211,2664,2725,2087,33775,17,27,29,46,38,422
165R9,quote,151045,15:10:47.065563,,,,,,,,,,,,,,,,110.21,110.22,110.23,110.24,110.25,977,1453,2661,2748,2788,23051,41,46,39,46,35,332,110.2,110.19,110.18,110.17,110.16,506,1211,2664,2725,2087,33775,17,27,29,46,38,422
165R9,quote,151045,15:10:47.191230,,,,,,,,,,,,,,,,110.21,110.22,110.23,110.24,110.25,977,1453,2661,2748,2788,23051,41,46,39,46,35,332,110.2,110.19,110.18,110.17,110.16,506,1211,2664,2725,2087,33775,17,27,29,46,38,422
165R9,quote,151046,15:10:48.064946,,,,,,,,,,,,,,,,110.21,110.22,110.23,110.24,110.25,977,1453,2661,2748,2788,23051,41,46,39,46,35,332,110.2,110.19,110.18,110.17,110.16,506,1211,2664,2725,2087,33775,17,27,29,46,38,422
165R9,quote,151047,15:10:48.939551,,,,,,,,,,,,,,,,110.21,110.22,110.23,110.24,110.25,996,1453,2661,2748,2788,23070,42,46,39,46,35,333,110.2,110.19,110.18,110.17,110.16,506,1211,2664,2725,2087,33775,17,27,29,46,38,422
165R9,quote,151049,15:10:50.439601,,,,,,,,,,,,,,,,110.21,110.22,110.23,110.24,110.25,996,1453,2661,2748,2788,23070,42,46,39,46,35,333,110.2,110.19,110.18,110.17,110.16,506,1211,2664,2725,2087,33775,17,27,29,46,38,422
165R9,quote,151050,15:10:52.065199,,,,,,,,,,,,,,,,110.21,110.22,110.23,110.24,110.25,996,1453,2661,2748,2788,23070,42,46,39,46,35,333,110.2,110.19,110.18,110.17,110.16,506,1211,2664,2725,2087,33775,17,27,29,46,38,422
165R9,quote,151050,15:10:52.191860,,,,,,,,,,,,,,,,110.21,110.22,110.23,110.24,110.25,996,1453,2661,2748,2788,23070,42,46,39,46,35,333,110.2,110.19,110.18,110.17,110.16,506,1211,2664,2725,2087,33775,17,27,29,46,38,422
165R9,quote,151051,15:10:53.064553,,,,,,,,,,,,,,,,110.21,110.22,110.23,110.24,110.25,996,1453,2661,2748,2788,23070,42,46,39,46,35,333,110.2,110.19,110.18,110.17,110.16,506,1211,2664,2725,2087,33775,17,27,29,46,38,422
165R9,quote,151052,15:10:54.004015,,,,,,,,,,,,,,,,110.21,110.22,110.23,110.24,110.25,996,1453,2661,2748,2788,23070,42,46,39,46,35,333,110.2,110.19,110.18,110.17,110.16,506,1211,2664,2725,2087,33775,17,27,29,46,38,422
165R9,quote,151054,15:10:55.441174,,,,,,,,,,,,,,,,110.21,110.22,110.23,110.24,110.25,996,1453,2661,2748,2788,23070,42,46,39,46,35,333,110.2,110.19,110.18,110.17,110.16,506,1211,2664,2725,2087,33775,17,27,29,46,38,422
165R9,quote,151055,15:10:56.440505,,,,,,,,,,,,,,,,110.21,110.22,110.23,110.24,110.25,996,1455,2661,2748,2788,23072,42,47,39,46,35,334,110.2,110.19,110.18,110.17,110.16,506,1211,2664,2725,2087,33775,17,27,29,46,38,422
165R9,quote,151055,15:10:57.064906,,,,,,,,,,,,,,,,110.21,110.22,110.23,110.24,110.25,996,1455,2661,2748,2788,23072,42,47,39,46,35,334,110.2,110.19,110.18,110.17,110.16,506,1211,2664,2725,2087,33775,17,27,29,46,38,422
165R9,quote,151055,15:10:57.189500,,,,,,,,,,,,,,,,110.21,110.22,110.23,110.24,110.25,996,1455,2661,2748,2788,23072,42,47,39,46,35,334,110.2,110.19,110.18,110.17,110.16,506,1211,2664,2725,2087,33775,17,27,29,46,38,422
165R9,quote,151056,15:10:58.064164,,,,,,,,,,,,,,,,110.21,110.22,110.23,110.24,110.25,996,1455,2661,2748,2788,23072,42,47,39,46,35,334,110.2,110.19,110.18,110.17,110.16,506,1211,2664,2725,2087,33775,17,27,29,46,38,422
165R9,quote,151058,15:10:59.314926,,,,,,,,,,,,,,,,110.21,110.22,110.23,110.24,110.25,997,1455,2661,2748,2788,23073,43,47,39,46,35,335,110.2,110.19,110.18,110.17,110.16,506,1211,2664,2725,2087,33775,17,27,29,46,38,422
165R9,quote,151059,15:11:00.441807,,,,,,,,,,,,,,,,110.21,110.22,110.23,110.24,110.25,997,1455,2661,2748,2788,23073,43,47,39,46,35,335,110.2,110.19,110.18,110.17,110.16,506,1211,2664,2725,2087,33775,17,27,29,46,38,422
165R9,quote,151059,15:11:00.503642,,,,,,,,,,,,,,,,110.21,110.22,110.23,110.24,110.25,1002,1455,2661,2748,2788,23078,44,47,39,46,35,336,110.2,110.19,110.18,110.17,110.16,506,1211,2664,2725,2087,33775,17,27,29,46,38,422
165R9,quote,151059,15:11:00.643269,,,,,,,,,,,,,,,,110.21,110.22,110.23,110.24,110.25,1002,1455,2661,2748,2788,23078,44,47,39,46,35,336,110.2,110.19,110.18,110.17,110.16,418,1211,2664,2725,2087,33687,16,27,29,46,38,421
165R9,quote,151059,15:11:00.648283,,,,,,,,,,,,,,,,110.21,110.22,110.23,110.24,110.25,983,1455,2661,2748,2788,23059,43,47,39,46,35,335,110.2,110.19,110.18,110.17,110.16,418,1211,2664,2725,2087,33687,16,27,29,46,38,421
165R9,quote,151059,15:11:00.649253,,,,,,,,,,,,,,,,110.21,110.22,110.23,110.24,110.25,983,1455,2661,2748,2788,23059,43,47,39,46,35,335,110.2,110.19,110.18,110.17,110.16,411,1211,2664,2725,2087,33680,15,27,29,46,38,420
165R9,quote,151100,15:11:02.065573,,,,,,,,,,,,,,,,110.21,110.22,110.23,110.24,110.25,983,1455,2661,2748,2788,23059,43,47,39,46,35,335,110.2,110.19,110.18,110.17,110.16,411,1211,2664,2725,2087,33680,15,27,29,46,38,420
165R9,quote,151100,15:11:02.189217,,,,,,,,,,,,,,,,110.21,110.22,110.23,110.24,110.25,983,1455,2661,2748,2788,23059,43,47,39,46,35,335,110.2,110.19,110.18,110.17,110.16,411,1211,2664,2725,2087,33680,15,27,29,46,38,420
165R9,quote,151101,15:11:02.754653,,,,,,,,,,,,,,,,110.21,110.22,110.23,110.24,110.25,983,1455,2661,2748,2788,23059,43,47,39,46,35,335,110.2,110.19,110.18,110.17,110.16,499,1211,2664,2725,2087,33768,16,27,29,46,38,421
165R9,quote,151101,15:11:03.127629,,,,,,,,,,,,,,,,110.21,110.22,110.23,110.24,110.25,983,1455,2661,2748,2788,23059,43,47,39,46,35,335,110.2,110.19,110.18,110.17,110.16,499,1211,2664,2725,2087,33768,16,27,29,46,38,421
165R9,quote,151102,15:11:03.877625,,,,,,,,,,,,,,,,110.21,110.22,110.23,110.24,110.25,983,1455,2661,2748,2788,23059,43,47,39,46,35,335,110.2,110.19,110.18,110.17,110.16,411,1211,2664,2725,2087,33680,15,27,29,46,38,420
165R9,quote,151104,15:11:05.441444,,,,,,,,,,,,,,,,110.21,110.22,110.23,110.24,110.25,983,1455,2661,2748,2788,23059,43,47,39,46,35,335,110.2,110.19,110.18,110.17,110.16,411,1211,2664,2725,2087,33680,15,27,29,46,38,420
165R9,trade,151105,15:11:06.378047,110.2,110.23,110.24,110.15,110.21,110.2,983,409,-0.05,126744,126744,63827,62917,2,2,,,,,,,,,,,,,,,,,,,,,,,,,,,,,,,,,,
165R9,quote,151104,15:11:06.378938,,,,,,,,,,,,,,,,110.21,110.22,110.23,110.24,110.25,983,1455,2661,2748,2788,23059,43,47,39,46,35,335,110.2,110.19,110.18,110.17,110.16,409,1211,2664,2725,2087,33678,15,27,29,46,38,420
165R9,quote,151105,15:11:07.068100,,,,,,,,,,,,,,,,110.21,110.22,110.23,110.24,110.25,983,1455,2661,2748,2788,23059,43,47,39,46,35,335,110.2,110.19,110.18,110.17,110.16,409,1211,2664,2725,2087,33678,15,27,29,46,38,420
165R9,quote,151105,15:11:07.191878,,,,,,,,,,,,,,,,110.21,110.22,110.23,110.24,110.25,983,1455,2661,2748,2788,23059,43,47,39,46,35,335,110.2,110.19,110.18,110.17,110.16,409,1211,2664,2725,2087,33678,15,27,29,46,38,420
165R9,quote,151106,15:11:08.130259,,,,,,,,,,,,,,,,110.21,110.22,110.23,110.24,110.25,983,1455,2661,2748,2788,23059,43,47,39,46,35,335,110.2,110.19,110.18,110.17,110.16,409,1211,2664,2725,2087,33678,15,27,29,46,38,420
165R9,quote,151109,15:11:10.440085,,,,,,,,,,,,,,,,110.21,110.22,110.23,110.24,110.25,983,1455,2661,2748,2788,23059,43,47,39,46,35,335,110.2,110.19,110.18,110.17,110.16,409,1211,2664,2725,2087,33678,15,27,29,46,38,420
165R9,quote,151110,15:11:12.067737,,,,,,,,,,,,,,,,110.21,110.22,110.23,110.24,110.25,983,1455,2661,2748,2788,23059,43,47,39,46,35,335,110.2,110.19,110.18,110.17,110.16,409,1211,2664,2725,2087,33678,15,27,29,46,38,420
165R9,quote,151110,15:11:12.191491,,,,,,,,,,,,,,,,110.21,110.22,110.23,110.24,110.25,983,1455,2661,2748,2788,23059,43,47,39,46,35,335,110.2,110.19,110.18,110.17,110.16,409,1211,2664,2725,2087,33678,15,27,29,46,38,420
165R9,quote,151111,15:11:12.443731,,,,,,,,,,,,,,,,110.21,110.22,110.23,110.24,110.25,983,1455,2661,2748,2788,23059,43,47,39,46,35,335,110.2,110.19,110.18,110.17,110.16,409,1211,2664,2725,2087,33678,15,27,29,46,38,420
165R9,quote,151111,15:11:13.064071,,,,,,,,,,,,,,,,110.21,110.22,110.23,110.24,110.25,983,1455,2661,2748,2788,23059,43,47,39,46,35,335,110.2,110.19,110.18,110.17,110.16,409,1211,2664,2725,2087,33678,15,27,29,46,38,420
165R9,quote,151114,15:11:15.442718,,,,,,,,,,,,,,,,110.21,110.22,110.23,110.24,110.25,983,1455,2661,2748,2788,23059,43,47,39,46,35,335,110.2,110.19,110.18,110.17,110.16,409,1211,2664,2725,2087,33678,15,27,29,46,38,420
165R9,quote,151115,15:11:16.626621,,,,,,,,,,,,,,,,110.21,110.22,110.23,110.24,110.25,983,1455,2661,2748,2788,23059,43,47,39,46,35,335,110.2,110.19,110.18,110.17,110.16,429,1211,2664,2725,2087,33698,16,27,29,46,38,421
165R9,quote,151115,15:11:17.064383,,,,,,,,,,,,,,,,110.21,110.22,110.23,110.24,110.25,983,1455,2661,2748,2788,23059,43,47,39,46,35,335,110.2,110.19,110.18,110.17,110.16,429,1211,2664,2725,2087,33698,16,27,29,46,38,421
165R9,quote,151115,15:11:17.190049,,,,,,,,,,,,,,,,110.21,110.22,110.23,110.24,110.25,983,1455,2661,2748,2788,23059,43,47,39,46,35,335,110.2,110.19,110.18,110.17,110.16,429,1211,2664,2725,2087,33698,16,27,29,46,38,421
165R9,quote,151116,15:11:18.066703,,,,,,,,,,,,,,,,110.21,110.22,110.23,110.24,110.25,983,1455,2661,2748,2788,23059,43,47,39,46,35,335,110.2,110.19,110.18,110.17,110.16,429,1211,2664,2725,2087,33698,16,27,29,46,38,421
165R9,quote,151119,15:11:20.441413,,,,,,,,,,,,,,,,110.21,110.22,110.23,110.24,110.25,983,1455,2661,2748,2788,23059,43,47,39,46,35,335,110.2,110.19,110.18,110.17,110.16,429,1211,2664,2725,2087,33698,16,27,29,46,38,421
165R9,quote,151120,15:11:22.067010,,,,,,,,,,,,,,,,110.21,110.22,110.23,110.24,110.25,983,1455,2661,2748,2788,23059,43,47,39,46,35,335,110.2,110.19,110.18,110.17,110.16,429,1211,2664,2725,2087,33698,16,27,29,46,38,421
165R9,quote,151120,15:11:22.188683,,,,,,,,,,,,,,,,110.21,110.22,110.23,110.24,110.25,983,1455,2661,2748,2788,23059,43,47,39,46,35,335,110.2,110.19,110.18,110.17,110.16,429,1211,2664,2725,2087,33698,16,27,29,46,38,421
165R9,quote,151121,15:11:23.064345,,,,,,,,,,,,,,,,110.21,110.22,110.23,110.24,110.25,983,1455,2661,2748,2788,23059,43,47,39,46,35,335,110.2,110.19,110.18,110.17,110.16,429,1211,2664,2725,2087,33698,16,27,29,46,38,421
165R9,quote,151121,15:11:23.127281,,,,,,,,,,,,,,,,110.21,110.22,110.23,110.24,110.25,983,1455,2661,2748,2788,23059,43,47,39,46,35,335,110.2,110.19,110.18,110.17,110.16,429,1211,2664,2725,2087,33698,16,27,29,46,38,421
165R9,quote,151123,15:11:24.939591,,,,,,,,,,,,,,,,110.21,110.22,110.23,110.24,110.25,983,1455,2661,2748,2788,23059,43,47,39,46,35,335,110.2,110.19,110.18,110.17,110.16,429,1211,2664,2725,2087,33698,16,27,29,46,38,421
165R9,quote,151124,15:11:25.440995,,,,,,,,,,,,,,,,110.21,110.22,110.23,110.24,110.25,983,1455,2661,2748,2788,23059,43,47,39,46,35,335,110.2,110.19,110.18,110.17,110.16,429,1211,2664,2725,2087,33698,16,27,29,46,38,421
165R9,quote,151125,15:11:26.440566,,,,,,,,,,,,,,,,110.21,110.22,110.23,110.24,110.25,983,1455,2661,2748,2788,23059,43,47,39,46,35,335,110.2,110.19,110.18,110.17,110.16,430,1211,2664,2725,2087,33699,17,27,29,46,38,422
165R9,quote,151125,15:11:27.065648,,,,,,,,,,,,,,,,110.21,110.22,110.23,110.24,110.25,983,1455,2661,2748,2788,23059,43,47,39,46,35,335,110.2,110.19,110.18,110.17,110.16,430,1211,2664,2725,2087,33699,17,27,29,46,38,422
165R9,quote,151125,15:11:27.190347,,,,,,,,,,,,,,,,110.21,110.22,110.23,110.24,110.25,983,1455,2661,2748,2788,23059,43,47,39,46,35,335,110.2,110.19,110.18,110.17,110.16,430,1211,2664,2725,2087,33699,17,27,29,46,38,422
165R9,quote,151126,15:11:28.064029,,,,,,,,,,,,,,,,110.21,110.22,110.23,110.24,110.25,983,1455,2661,2748,2788,23059,43,47,39,46,35,335,110.2,110.19,110.18,110.17,110.16,430,1211,2664,2725,2087,33699,17,27,29,46,38,422
165R9,quote,151127,15:11:28.378257,,,,,,,,,,,,,,,,110.21,110.22,110.23,110.24,110.25,983,1455,2661,2748,2788,23059,43,47,39,46,35,335,110.2,110.19,110.18,110.17,110.16,430,1211,2664,2725,2087,33754,17,27,29,46,38,423
165R9,quote,151127,15:11:29.004482,,,,,,,,,,,,,,,,110.21,110.22,110.23,110.24,110.25,983,1455,2661,2748,2788,23059,43,47,39,46,35,335,110.2,110.19,110.18,110.17,110.16,430,1211,2664,2725,2087,33754,17,27,29,46,38,423
165R9,quote,151127,15:11:29.007483,,,,,,,,,,,,,,,,110.21,110.22,110.23,110.24,110.25,983,1455,2661,2748,2788,23059,43,47,39,46,35,335,110.2,110.19,110.18,110.17,110.16,630,1211,2664,2725,2087,33954,18,27,29,46,38,424
165R9,quote,151129,15:11:30.441806,,,,,,,,,,,,,,,,110.21,110.22,110.23,110.24,110.25,983,1455,2661,2748,2788,23059,43,47,39,46,35,335,110.2,110.19,110.18,110.17,110.16,630,1211,2664,2725,2087,33954,18,27,29,46,38,424
165R9,quote,151129,15:11:30.500724,,,,,,,,,,,,,,,,110.21,110.22,110.23,110.24,110.25,983,1455,2661,2748,2788,23059,43,47,39,46,35,335,110.2,110.19,110.18,110.17,110.16,630,1211,2664,2725,2087,33899,18,27,29,46,38,423
165R9,quote,151130,15:11:32.066463,,,,,,,,,,,,,,,,110.21,110.22,110.23,110.24,110.25,983,1455,2661,2748,2788,23059,43,47,39,46,35,335,110.2,110.19,110.18,110.17,110.16,630,1211,2664,2725,2087,33899,18,27,29,46,38,423
165R9,quote,151130,15:11:32.191161,,,,,,,,,,,,,,,,110.21,110.22,110.23,110.24,110.25,983,1455,2661,2748,2788,23059,43,47,39,46,35,335,110.2,110.19,110.18,110.17,110.16,630,1211,2664,2725,2087,33899,18,27,29,46,38,423
165R9,trade,151131,15:11:32.315148,110.2,110.23,110.24,110.15,110.21,110.2,983,628,-0.05,126746,126746,63827,62919,2,2,,,,,,,,,,,,,,,,,,,,,,,,,,,,,,,,,,
165R9,quote,151130,15:11:32.375738,,,,,,,,,,,,,,,,110.21,110.22,110.23,110.24,110.25,983,1455,2661,2748,2788,23059,43,47,39,46,35,335,110.2,110.19,110.18,110.17,110.16,628,1211,2664,2725,2087,33897,17,27,29,46,38,422
165R9,quote,151131,15:11:33.065863,,,,,,,,,,,,,,,,110.21,110.22,110.23,110.24,110.25,983,1455,2661,2748,2788,23059,43,47,39,46,35,335,110.2,110.19,110.18,110.17,110.16,628,1211,2664,2725,2087,33897,17,27,29,46,38,422
165R9,quote,151133,15:11:34.566842,,,,,,,,,,,,,,,,110.21,110.22,110.23,110.24,110.25,983,1455,2661,2748,2788,23059,43,47,39,46,35,335,110.2,110.19,110.18,110.17,110.16,628,1211,2664,2725,2087,33897,17,27,29,46,38,422
165R9,quote,151134,15:11:35.442498,,,,,,,,,,,,,,,,110.21,110.22,110.23,110.24,110.25,983,1455,2661,2748,2788,23059,43,47,39,46,35,335,110.2,110.19,110.18,110.17,110.16,628,1211,2664,2725,2087,33897,17,27,29,46,38,422
165R9,quote,151134,15:11:35.939803,,,,,,,,,,,,,,,,110.21,110.22,110.23,110.24,110.25,983,1455,2661,2748,2788,23059,43,47,39,46,35,335,110.2,110.19,110.18,110.17,110.16,628,1211,2664,2725,2087,33897,17,27,29,46,38,422
165R9,quote,151135,15:11:37.066036,,,,,,,,,,,,,,,,110.21,110.22,110.23,110.24,110.25,983,1455,2661,2748,2788,23059,43,47,39,46,35,335,110.2,110.19,110.18,110.17,110.16,628,1211,2664,2725,2087,33897,17,27,29,46,38,422
165R9,quote,151135,15:11:37.188673,,,,,,,,,,,,,,,,110.21,110.22,110.23,110.24,110.25,983,1455,2661,2748,2788,23059,43,47,39,46,35,335,110.2,110.19,110.18,110.17,110.16,628,1211,2664,2725,2087,33897,17,27,29,46,38,422
165R9,quote,151136,15:11:38.065919,,,,,,,,,,,,,,,,110.21,110.22,110.23,110.24,110.25,983,1455,2661,2748,2788,23059,43,47,39,46,35,335,110.2,110.19,110.18,110.17,110.16,628,1211,2664,2725,2087,33897,17,27,29,46,38,422
165R9,quote,151138,15:11:39.566904,,,,,,,,,,,,,,,,110.21,110.22,110.23,110.24,110.25,983,1455,2661,2748,2788,23059,43,47,39,46,35,335,110.2,110.19,110.18,110.17,110.16,628,1211,2664,2725,2087,33897,17,27,29,46,38,422
165R9,quote,151139,15:11:40.441834,,,,,,,,,,,,,,,,110.21,110.22,110.23,110.24,110.25,983,1455,2661,2748,2788,23059,43,47,39,46,35,335,110.2,110.19,110.18,110.17,110.16,628,1211,2664,2725,2087,33897,17,27,29,46,38,422
165R9,quote,151139,15:11:40.942229,,,,,,,,,,,,,,,,110.21,110.22,110.23,110.24,110.25,983,1455,2661,2748,2788,23059,43,47,39,46,35,335,110.2,110.19,110.18,110.17,110.16,628,1211,2664,2725,2087,33897,17,27,29,46,38,422
165R9,quote,151140,15:11:42.004391,,,,,,,,,,,,,,,,110.21,110.22,110.23,110.24,110.25,983,1455,2661,2748,2788,23059,43,47,39,46,35,335,110.2,110.19,110.18,110.17,110.16,628,1211,2664,2725,2087,33897,17,27,29,46,38,422
165R9,quote,151140,15:11:42.065226,,,,,,,,,,,,,,,,110.21,110.22,110.23,110.24,110.25,983,1455,2661,2748,2788,23059,43,47,39,46,35,335,110.2,110.19,110.18,110.17,110.16,628,1211,2664,2725,2087,33897,17,27,29,46,38,422
165R9,quote,151140,15:11:42.189893,,,,,,,,,,,,,,,,110.21,110.22,110.23,110.24,110.25,983,1455,2661,2748,2788,23059,43,47,39,46,35,335,110.2,110.19,110.18,110.17,110.16,628,1211,2664,2725,2087,33897,17,27,29,46,38,422
165R9,quote,151141,15:11:43.066552,,,,,,,,,,,,,,,,110.21,110.22,110.23,110.24,110.25,983,1455,2661,2748,2788,23059,43,47,39,46,35,335,110.2,110.19,110.18,110.17,110.16,628,1211,2664,2725,2087,33897,17,27,29,46,38,422
165R9,quote,151144,15:11:45.440206,,,,,,,,,,,,,,,,110.21,110.22,110.23,110.24,110.25,983,1455,2661,2748,2788,23059,43,47,39,46,35,335,110.2,110.19,110.18,110.17,110.16,628,1211,2664,2725,2087,33897,17,27,29,46,38,422
165R9,quote,151145,15:11:47.066859,,,,,,,,,,,,,,,,110.21,110.22,110.23,110.24,110.25,983,1455,2661,2748,2788,23059,43,47,39,46,35,335,110.2,110.19,110.18,110.17,110.16,628,1211,2664,2725,2087,33897,17,27,29,46,38,422
165R9,quote,151145,15:11:47.189830,,,,,,,,,,,,,,,,110.21,110.22,110.23,110.24,110.25,983,1455,2661,2748,2788,23059,43,47,39,46,35,335,110.2,110.19,110.18,110.17,110.16,628,1211,2664,2725,2087,33897,17,27,29,46,38,422
165R9,quote,151146,15:11:48.065191,,,,,,,,,,,,,,,,110.21,110.22,110.23,110.24,110.25,983,1455,2661,2748,2788,23059,43,47,39,46,35,335,110.2,110.19,110.18,110.17,110.16,628,1211,2664,2725,2087,33897,17,27,29,46,38,422
165R9,trade,151147,15:11:48.940848,110.2,110.23,110.24,110.15,110.21,110.2,983,578,-0.05,126796,126796,63827,62969,2,2,,,,,,,,,,,,,,,,,,,,,,,,,,,,,,,,,,
165R9,quote,151146,15:11:48.941846,,,,,,,,,,,,,,,,110.21,110.22,110.23,110.24,110.25,983,1455,2661,2748,2788,23059,43,47,39,46,35,335,110.2,110.19,110.18,110.17,110.16,578,1211,2664,2725,2087,33847,12,27,29,46,38,417
165R9,quote,151147,15:11:48.942845,,,,,,,,,,,,,,,,110.21,110.22,110.23,110.24,110.25,998,1455,2661,2748,2788,23074,44,47,39,46,35,336,110.2,110.19,110.18,110.17,110.16,578,1211,2664,2725,2087,33847,12,27,29,46,38,417
